3178 4918
798 378 915 434 Victor
939 377 1083 448 (toulon,

895 623 913 704 s
940 623 990 686 16.

467 757 626 835 Quoniam
642 757 790 822 codicum
806 758 981 840 scripturas
996 763 1029 822 et
1044 777 1119 821 cum
1135 758 1266 822 scholiis
1282 759 1317 822 in
1332 759 1537 842 posteriore

376 863 438 926 hoc
453 861 535 926 libro
548 860 805 944 comparavimus
818 863 852 925 et
867 880 943 924 cum
959 859 1057 924 Suida
1073 861 1107 924 in
1123 862 1230 945 priore
1246 861 1309 942 illo,
1321 863 1384 926 iam
1397 863 1537 945 paucis

377 965 512 1042 dicatur,
536 983 618 1047 quae
637 965 718 1026 ratio
737 963 822 1028 inter
837 963 970 1028 Suidam
989 963 1177 1047 scholisque
1196 963 1397 1030 intercedere
1417 965 1534 1028 nobis

376 1069 531 1132 videatur.

467 1173 660 1255 Priusquam
691 1179 799 1237 autem
830 1172 870 1235 ad
898 1173 985 1256 ipsas
1014 1171 1248 1256 discrepantias
1275 1173 1532 1257 aggrediamur,

377 1295 509 1341 monera
533 1276 630 1340 liceat
647 1274 854 1358 Buengerum
880 1275 915 1338 in
938 1275 1117 1360 posteriore
1135 1275 1218 1338 libro
1238 1295 1297 1340 suo
1318 1277 1533 1359 comparatis

377 1379 496 1446 Suidae
520 1379 651 1443 scholiis
681 1398 754 1442 cum
783 1381 920 1460 utroque
944 1378 1094 1442 codicum
1117 1398 1236 1462 genere
1258 1379 1417 1462 (rt-ve)
1447 1398 1530 1462 pro-

377 1483 521 1567 priisque
544 1481 765 1564 lexicographi
790 1479 1050 1545 adnotationibus
1078 1481 1211 1565 prolatis
1234 1503 1262 1566 p.
1282 1484 1345 1548 100
1371 1483 1420 1546 sic
1450 1482 1530 1545 exi-

377 1587 573 1651 stimavisse:
605 1583 828 1648 “secernenda
851 1603 922 1648 esse
946 1584 1068 1648 scholia
1088 1585 1230 1650 Snidana
1261 1605 1301 1650 ex
1323 1586 1440 1649 codice
1464 1585 1528 1647 ali-

378 1709 442 1772 quo
461 1689 511 1752 XI
530 1687 712 1752 fabularum
732 1688 1041 1770 Aristophanearum
1060 1685 1220 1772 descripta
1239 1688 1278 1752 ab
1298 1694 1441 1770 utroque
1464 1686 1527 1749 illo

380 1794 529 1860 codicum
552 1812 670 1877 genere
695 1799 726 1856 et
750 1792 948 1874 singularem
971 1797 1212 1875 repraesentare
1237 1791 1406 1857 classem”.
1447 1789 1526 1852 Hac

378 1905 486 1962 tamen
506 1898 693 1979 quaestione
712 1897 904 1979 Buengerus
926 1915 992 1959 non
1012 1896 1149 1959 multum
1169 1897 1336 1959 assecutus
1355 1899 1413 1974 cst,
1442 1912 1525 1956 cum

378 2002 413 2064 in
447 2000 568 2064 scholia
599 1999 796 2081 Lysistratus
830 2007 861 2062 et
891 1998 1305 2082 Thesmophoriazusarum,
1339 2015 1425 2078 quae
1463 2015 1523 2058 ex-

378 2107 511 2169 tenuata
530 2103 570 2166 ad
589 2121 647 2166 nos
667 2105 892 2186 pervenerunt
916 2105 949 2166 et
971 2101 1136 2184 Equitum,
1161 2121 1244 2184 quae
1268 2101 1301 2164 in
1321 2100 1350 2164 R
1369 2119 1438 2162 non
1462 2117 1523 2161 ex-

378 2211 448 2272 tant
463 2208 526 2271 nisi
543 2205 583 2270 ad
598 2226 660 2270 vss.
679 2207 819 2288 1-214,
839 2206 1004 2288 inquirere
1024 2207 1101 2270 satis
1121 2205 1260 2270 haberet
1295 2205 1396 2282 Quam
1415 2223 1520 2287 quac-

379 2312 517 2375 stionem
543 2309 570 2373 si
596 2311 668 2391 quis
688 2308 855 2372 absolvere
874 2311 971 2390 atque
989 2308 1148 2392 perficere
1167 2308 1346 2385 conabitur,
1369 2308 1397 2372 ei
1417 2308 1518 2371 etiam

379 2415 579 2497 rehquarum
607 2413 788 2477 fabularum
816 2413 897 2476 ratio
923 2413 1070 2478 habenda
1093 2413 1161 2478 erit
1195 2414 1265 2478 Nec
1293 2433 1356 2477 non
1384 2415 1519 2496 praeter

379 2519 501 2584 scholia
524 2519 583 2582 RV
600 2517 781 2581 adhibenda
804 2521 880 2581 sunt
903 2517 1025 2581 scholia
1047 2517 1260 2580 Ambrosiano
1285 2517 1319 2582 M
1343 2517 1516 2600 adscripta,

379 2641 461 2705 quae
486 2621 572 2704 quod
596 2621 740 2684 nondum
765 2620 923 2684 exhausta
946 2620 1012 2682 sint
1036 2620 1207 2683 dolendum
1233 2629 1291 2684 est.

468 2724 536 2788 Iam
561 2726 598 2788 ut
615 2725 711 2787 statui
732 2724 840 2806 possit7
865 2743 944 2786 num
963 2723 1146 2786 fabularum
1166 2726 1283 2800 textus
1308 2743 1370 2806 quo
1389 2723 1515 2786 lexico·

378 2829 519 2912 graphus
544 2847 622 2891 usus
646 2833 707 2905 est,
731 2825 929 2909 separandus
953 2826 996 2888 sit
1019 2824 1058 2888 ab
1083 2845 1133 2904 eo,
1158 2827 1215 2908 qui
1238 2825 1371 2888 scholiis
1393 2825 1514 2888 nostris

379 2931 499 3008 subest,
518 2932 681 3014 graviores
700 2929 857 3012 quaedam
877 2929 1056 2993 afferantur
1073 2928 1236 3010 lectiones
1261 2927 1380 3009 quibus
1396 2925 1512 2991 Suidas

381 3056 399 3099 a
423 3035 553 3098 scholiis
577 3033 755 3116 discrepat:

397 3251 452 3288 vas.
586 3226 713 3290 Scholia
1187 3225 1302 3292 Suidas

860 3333 1016 3411 Equitum
1026 3354 1033 3393 :

425 3449 466 3510 56
491 3449 693 3525 περιδραμὼν
1133 3449 1355 3524 παραδραμὼν

425 3549 464 3610 61
492 3544 547 3611 εἶθ’
566 3546 692 3624 ὁγὲρων
1141 3548 1160 3612 ὁ
1186 3551 1220 3612 δὲ
1244 3551 1352 3627 γέρων

425 3652 466 3714 70
491 3650 705 3716 ὀκταπλάειον
1132 3651 1363 3716 ὀκταπλαείονα

425 3757 466 3817 79
490 3755 535 3816 τὼ
561 3754 638 3834 χεῖρ’
974 3757 992 3833 ἡ
1013 3757 1071 3832 μὲν
1090 3757 1156 3835 χεὶρ
1176 3751 1282 3837 (SABV,
1300 3757 1345 3818 τὼ
1365 3757 1421 3832 μὲν
1439 3750 1506 3833 χεῖρ’

1197 3855 1281 3922 Shad.

402 3964 465 4025 379
491 3961 919 4042 ccepaaeeapemmaschol.
1144 3861 1348 4039 calopodas

492 4063 530 4146 V,
577 4063 775 4142 (κεψόμεεθα
821 4063 920 4127 schol.

491 4167 575 4250 Ald.)

402 4271 466 4334 382
491 4271 553 4350 ἄρα
576 4272 678 4349 πυρὸς
1160 4270 1210 4333 καὶ
1233 4269 1335 4347 πυρὸς
