3236 4920
356 417 401 480 90
778 424 877 479 ίουαί
893 425 1067 492 Albortus,

356 595 407 660 καὶ
421 597 569 675 προςέχει
584 598 642 674 τὴν
658 600 798 678 γνώμην,
819 595 946 661 εὔνοιαν
963 597 1077 676 ἔχουςα
1094 597 1145 660 διά
1156 595 1378 674 τὸἈθηνυίψν
1397 593 1501 671 ἔχθος

357 701 471 776 πρᾶξαι
496 699 578 775 ἡμᾶς
606 699 626 762 ἃ
650 698 850 776 ἐπινοοῦμεν.

447 801 638 866 Rhetorisch
652 803 768 886 spitzig
783 801 851 865 und
864 800 947 866 doch
959 802 1043 866 broit
1054 803 1096 866 ist
1113 799 1169 865 das
1183 800 1285 864 Motiv
1297 797 1504 884 angewandt

358 901 424 966 und
433 903 536 968 durch
544 903 693 969 δίιυίίοίιο
702 906 865 970 οτινοίίοτί
873 905 927 970 bei
937 905 1118 970 Lesbonax:
1139 903 1171 968 11
1184 906 1202 986 ᾗ
1214 902 1504 968 1οΚίείιτδικοιιό-

356 1027 449 1086 τητος
459 1012 477 1084 <
488 1007 610 1084 μέγατὸ
619 1008 954 1086 ἀξίωμαδικοιιότητος
965 1008 1181 1085 >τοίνυντόδε
1190 1009 1227 1070 τὸ
1238 1007 1333 1085 ἔργον
1343 1009 1504 1070 πλεῑςτον

357 1115 483 1193 μετέχει.
500 1115 621 1179 δίκαιον
634 1117 690 1192 μὲν
702 1115 762 1192 γάρ
779 1122 815 1198 τῇ
828 1115 951 1192 πατρίδι
964 1115 1100 1196 άμάνειν,
1113 1116 1148 1178 ἐν
1160 1117 1179 1199 ᾗ
1192 1117 1356 1194 ἐτράφητε,
1370 1115 1504 1177 δίκαιον

358 1224 395 1285 δέ
414 1221 509 1298 ἱεροῖς
529 1226 689 1306 πατρῴοις
713 1222 763 1285 καί
787 1223 918 1300 μνήμαςι
938 1225 1004 1288 τῶν
1020 1223 1200 1303 προγόνων,
1220 1223 1340 1286 δίκαιον
1360 1225 1400 1286 δὲ
1420 1222 1503 1284 τοὺς

356 1330 494 1406 πατέρα(
504 1329 602 1410 ὑμῶν,
613 1328 670 1408 ὑφ’
680 1328 726 1392 ὡν
736 1330 901 1410 ἐτράφητε,
911 1330 1224 1412 άντιγηροτροφῆςαι,
1236 1331 1356 1394 δίκαιον
1367 1331 1407 1392 δὲ
1420 1329 1504 1391 τοὺς

357 1439 478 1518 παῖδας,
495 1437 663 1516 ἐπειδήπερ
680 1437 825 1519 ἐψύςατε,
842 1438 1001 1519 ἐκθρέψαι,
1019 1439 1141 1502 δίκαιον
1161 1439 1196 1501 δὲ
1214 1439 1339 1502 τούτων
1362 1437 1441 1500 τινά
1459 1437 1502 1512 μή

357 1542 520 1608 ἐλλείπειν.
544 1544 569 1607 εί
586 1545 621 1608 δέ
640 1566 683 1610 πς
701 1547 818 1625 ςοφίαν
834 1545 1014 1626 ἐπιτηδεύει,
1029 1548 1066 1610 τὸ
1085 1549 1173 1609 νικάν
1191 1545 1374 1624 μαχόμενον
1394 1546 1503 1608 τοῦτο

358 1651 474 1730 ςοφίαν
486 1651 662 1735 ἡγηςάςθω,
680 1653 708 1716 εί
717 1673 752 1727 γε
767 1653 806 1717 οὐ
820 1655 926 1732 ςοφὸν
941 1653 977 1716 τὸ
991 1656 1111 1717 δοῦλον
1125 1648 1212 1734 είναι,
1224 1653 1260 1715 τὸ
1278 1651 1307 1715 δ’
1321 1651 1503 1728 ἐλεύθερον

358 1757 471 1836 ςοφόν.
489 1757 604 1823 κάλλος
616 1760 650 1822 ἐν
662 1766 729 1843 τιμῇ
743 1756 820 1824 εἶναι
834 1763 934 1838 δοκεῖς
953 1759 982 1823 οἱ
995 1759 1083 1823 αὐτοί
1095 1761 1203 1824 τοίνυν
1216 1759 1329 1837 ἄνδρες
1341 1760 1502 1822 νικῶντες

359 1866 391 1929 οί
407 1886 441 1929 τε
454 1866 542 1930 καλοὶ
559 1868 703 1932 καλλίους
722 1871 872 1932 δοκοῦςιν
892 1863 977 1948 εἶναι,
995 1869 1027 1932 οί
1043 1889 1076 1932 τε
1095 1867 1215 1946 αίςχροί
1229 1866 1414 1946 δεινότεροι.
1433 1868 1503 1928 πάν

356 1973 418 2050 γάρ
447 1975 484 2037 τὸ
509 1971 680 2051 ἐλεύθερον
703 1976 812 2040 καλόν.
846 1975 875 2040 εί
899 1996 943 2039 τις
966 1975 1076 2039 τοίνυν
1100 1974 1256 2050 εὐγενείας
1285 1975 1439 2056 βάςανος,
1465 1973 1501 2036 ἐν

358 2083 443 2162 τῷδε
465 2087 511 2164 τῷ
536 2079 619 2165 ἔργῳ
644 2083 771 2160 μάλιςτα
794 2082 919 2147 ἐνεςτιν.
944 2081 1025 2146 όςτις
1045 2085 1102 2162 μὲν
1122 2084 1182 2160 γάρ
1208 2076 1365 2160 πρότερον
1388 2085 1502 2145 δοκῶν

357 2185 488 2264 εὐγενής
510 2190 571 2251 νῦν
596 2191 634 2267 μή
659 2192 782 2266 θελῆςαι
806 2190 1022 2272 διαμάχεςθαι,
1044 2191 1103 2266 τήν
1126 2189 1153 2252 τ’
1170 2191 1204 2254 ἐκ
1231 2191 1296 2252 τῶν
1318 2188 1502 2268 προγόνων

359 2293 566 2374 ὑπάρχουςαν
583 2296 762 2371 εὐγὲνειανά
778 2301 868 2361 πολεῖ
883 2301 948 2362 τοῖς
964 2319 998 2362 τε
1018 2297 1100 2360 ποιεί
1121 2299 1301 2372 δυςγένειαν
1322 2297 1501 2374 ἀπολείψει.

359 2395 440 2462 ὅςτις
464 2400 500 2461 δέ
523 2399 558 2461 ἐν
581 2403 626 2482 τῷ
651 2398 735 2482 ἔργῳ
760 2399 844 2464 ἐςται
863 2399 942 2477 ἀνήρ
963 2399 1088 2479 ἀγαθός,
1111 2401 1176 2462 τῶν
1194 2419 1227 2462 τε
1245 2399 1421 2476 προγόνων
1441 2399 1501 2475 τὴν

358 2497 474 2578 ἀρετὴν
502 2503 607 2578 <τοίις
632 2501 702 2565 καθ’
719 2501 847 2580 αὑτὸν>
872 2501 1041 2581 ἀναμνήςει
1062 2505 1130 2566 τοῖς
1153 2521 1187 2565 τε
1209 2502 1311 2566 παιςίν
1335 2500 1501 2578 εὐγένειαν

359 2609 552 2685 καταλείψει·
575 2611 641 2671 τῶν
659 2609 721 2687 γάρ
741 2608 776 2673 ἐν
794 2613 858 2674 τοῑς
875 2613 987 2674 δεινοῖς
1003 2608 1133 2688 ἀνδρῶν
1149 2608 1279 2684 ἀγαθῶν
1297 2611 1499 2686 γιγνομὲνων

359 2713 389 2776 οί
414 2717 523 2779 παῖδες
547 2714 684 2790 εὐγενεῖς
708 2719 899 2794 νομίζονται.

785 2878 815 2941 3.
840 2875 907 2941 Das
931 2878 1065 2957 εὐςεβές.

451 2991 530 3055 Ζυιιι
544 2993 665 3058 δίκαιον
677 2995 746 3056 tritt
762 2993 819 3058 das
832 2995 964 3078 εὐςεβές,
981 3015 1075 3059 wenn
1092 2993 1145 3059 die
1157 2995 1278 3059 Pflicht
1293 2993 1351 3059 der
1365 2995 1498 3080 Tapfer-

361 3093 426 3157 keit
448 3093 652 3178 gleichzeitig
675 3096 721 3160 als
744 3095 994 3180 Dankespflicht
1016 3117 1119 3182 gegen
1143 3097 1200 3160 das
1223 3097 1399 3162 Vaterland
1424 3101 1497 3162 hin·

358 3197 488 3279 gestellt
503 3198 591 3262 wird.
615 3197 653 3261 In
670 3199 865 3282 gliinzender
877 3199 985 3264 Weise
1004 3201 1147 3264 erinnert
1162 3201 1192 3264 N
1194 3201 1274 3264 ikias
1290 3199 1342 3264 die
1359 3197 1496 3262 Sehiffs-

360 3307 521 3364 matrosen
550 3301 617 3365 und
641 3301 932 3385 Nichtvollbiirger‚
961 3303 991 3367 οἱ
1019 3304 1100 3367 τέιιις
1118 3299 1272 3381 Ἀθηναῖοι
1296 3297 1495 3380 νομιζόμενοι

361 3404 411 3467 καί
433 3405 472 3483 μή
491 3403 592 3484 ὄντες,
618 3425 658 3468 an
679 3405 749 3468 ihre
767 3403 952 3467 Teilnahme
971 3423 1012 3466 an
1036 3403 1258 3468 athenischem
1274 3403 1403 3467 Wissen
1429 3399 1493 3466 und

360 3505 567 3570 athenischer
582 3505 708 3588 Kultur,
726 3527 790 3570 was
806 3507 853 3570 sie
866 3526 938 3570 zum
953 3506 1157 3589 Gegenstand
1174 3507 1231 3570 der
1245 3505 1495 3586 Bewunderung

360 3609 414 3672 fiir
436 3629 517 3693 ganz
539 3610 652 3674 Hellas
676 3610 803 3692 erhebe,
828 3629 883 3672 um
899 3609 946 3673 sie
969 3629 1011 3672 zu
1034 3607 1214 3672 dankbarer
1232 3607 1417 3692 Tapferkeit
1439 3628 1493 3672 an·

360 3733 557 3796 zuspornen:
588 3713 685 3776 Thuc.
710 3713 780 3792 vn,
802 3713 893 3795 63,4
918 3713 996 3778 ὥςτε
1020 3712 1171 3777 κοινωνοί
1201 3713 1291 3792 μόνοι
1316 3713 1492 3791 ἐλευθέριος

361 3818 430 3894 ἡμῖν
459 3821 513 3896 τῆς
545 3817 645 3894 ἀρχῆς
670 3815 760 3880 ὄντες
792 3818 919 3879 δικαίως
950 3815 1049 3893 αὐτὴν
1076 3819 1137 3878 νῦν
1166 3817 1206 3892 μὴ
1235 3817 1491 3893 καταπροδίδοτε.

361 3957 404 3965 -
424 3918 489 3983 Das
505 3919 689 4000 Vaterland,
714 3917 830 3981 dessen
853 3937 953 4002 ganze
970 3917 1123 3981 Existenz
1145 3937 1219 3981 vom
1239 3920 1412 4000 Ausgange
1437 3916 1493 3980 der

361 4021 513 4086 Schlacht
536 4022 684 4104 abhiingt,
714 4025 862 4085 οτιναιίοί
885 4019 937 4085 die
960 4019 1207 4086 Dankessehuld
1231 4021 1290 4084 der
1311 4020 1491 4104 Tapferkeit

362 4145 425 4188 von
458 4127 573 4190 seinen
608 4125 746 4188 Stihnen.
792 4124 831 4187 In
865 4125 1086 4208 ergreifender
1122 4123 1275 4188 Rhetorik
1308 4123 1491 4188 verwendet

363 4226 473 4291 diesen
503 4229 601 4291 τόπος
630 4227 783 4308 Polybios
814 4247 873 4291 vor
903 4229 960 4292 der
990 4228 1141 4292 Schlaoht
1169 4227 1222 4291 bei
1255 4227 1402 4291 Cannae:
1434 4225 1490 4306 ΙΙΙ,

364 4331 473 4412 109,9
578 4329 683 4393 οὕτως
711 4331 843 4394 ἑαυτοὺς
873 4334 1106 4410 παροιττήςεςθε
1133 4331 1214 4408 πρὸς
1241 4333 1301 4408 την
1324 4331 1425 4410 μάχην
1449 4329 1490 4392 ὼς
