<?xml version="1.0" encoding="UTF-8"?>
<!DOCTYPE html PUBLIC "-//W3C//DTD XHTML 1.0 Transitional//EN"
    "http://www.w3.org/TR/xhtml1/DTD/xhtml1-transitional.dtd">
<html xmlns="http://www.w3.org/1999/xhtml" xml:lang="en" lang="en">
 <head>
  <title>
</title>
<meta http-equiv="Content-Type" content="text/html;charset=utf-8" />
  <meta name='ocr-system' content='tesseract 3.04.00' />
  <meta name='ocr-capabilities' content='ocr_page ocr_carea ocr_par ocr_line ocrx_word'/>
</head>
<body>
  <div class='ocr_page' id='page_1' title='image "./dissertationesp03stragoog_0893.png"; bbox 0 0 3248 4910; ppageno 0'>
   <div class='ocr_carea' id='block_1_1' title="bbox 385 284 1093 365">
    <p class='ocr_par' dir='ltr' id='par_1_1' title="bbox 385 284 1093 365">
     <span class='ocr_line' id='line_1_1' title="bbox 385 284 1093 365; baseline 0.01 -19"><span class='ocrx_word' id='word_1_1' title='bbox 385 284 426 346; x_wconf 84' lang='lat'>52</span> <span class='ocrx_word' id='word_1_2' title='bbox 815 295 849 350; x_wconf 88' lang='grc' dir='ltr'>Μ.</span> <span class='ocrx_word' id='word_1_3' title='bbox 869 293 1093 365; x_wconf 88' lang='lat' dir='ltr'>lleiuemann,</span> 
     </span>
    </p>
   </div>
   <div class='ocr_carea' id='block_1_2' title="bbox 371 466 1526 2812">
    <p class='ocr_par' dir='ltr' id='par_1_2' title="bbox 371 466 1526 2812">
     <span class='ocr_line' id='line_1_2' title="bbox 383 466 1526 556; baseline 0.006 -28"><span class='ocrx_word' id='word_1_4' title='bbox 383 467 607 548; x_wconf 81' lang='lat' dir='ltr'><strong>argumentum</strong></span> <span class='ocrx_word' id='word_1_5' title='bbox 638 466 699 532; x_wconf 92' lang='lat' dir='ltr'>hoc</span> <span class='ocrx_word' id='word_1_6' title='bbox 730 472 794 532; x_wconf 87' lang='lat' dir='ltr'>est:</span> <span class='ocrx_word' id='word_1_7' title='bbox 824 468 998 550; x_wconf 84' lang='lat' dir='ltr'>Charicles,</span> <span class='ocrx_word' id='word_1_8' title='bbox 1030 489 1104 534; x_wconf 91' lang='lat' dir='ltr'>cum</span> <span class='ocrx_word' id='word_1_9' title='bbox 1134 489 1247 538; x_wconf 91' lang='lat' dir='ltr'>amore</span> <span class='ocrx_word' id='word_1_10' title='bbox 1278 471 1401 555; x_wconf 82' lang='lat' dir='ltr'>pelicis</span> <span class='ocrx_word' id='word_1_11' title='bbox 1431 473 1526 556; x_wconf 76' lang='lat' dir='ltr'>patris</span> 
     </span>
     <span class='ocr_line' id='line_1_3' title="bbox 383 569 1525 656; baseline 0.006 -23"><span class='ocrx_word' id='word_1_12' title='bbox 383 569 551 654; x_wconf 83' lang='lat' dir='ltr'>deperiret,</span> <span class='ocrx_word' id='word_1_13' title='bbox 575 573 686 637; x_wconf 91' lang='lat' dir='ltr'>morbo</span> <span class='ocrx_word' id='word_1_14' title='bbox 709 573 799 656; x_wconf 86' lang='lat' dir='ltr'>gravi</span> <span class='ocrx_word' id='word_1_15' title='bbox 823 573 960 638; x_wconf 80' lang='lat' dir='ltr'>affectus</span> <span class='ocrx_word' id='word_1_16' title='bbox 984 580 1040 638; x_wconf 84' lang='lat' dir='ltr'>eet</span> <span class='ocrx_word' id='word_1_17' title='bbox 1075 575 1245 640; x_wconf 89' lang='lat' dir='ltr'>Panaceus</span> <span class='ocrx_word' id='word_1_18' title='bbox 1270 576 1430 642; x_wconf 86' lang='lat' dir='ltr'>medicus</span> <span class='ocrx_word' id='word_1_19' title='bbox 1453 596 1525 641; x_wconf 83' lang='lat' dir='ltr'>casu</span> 
     </span>
     <span class='ocr_line' id='line_1_4' title="bbox 382 675 1526 764; baseline 0.005 -27"><span class='ocrx_word' id='word_1_20' title='bbox 382 675 556 757; x_wconf 81' lang='lat' dir='ltr'>cognoscit,</span> <span class='ocrx_word' id='word_1_21' title='bbox 580 675 668 758; x_wconf 89' lang='lat' dir='ltr'>quali</span> <span class='ocrx_word' id='word_1_22' title='bbox 686 675 796 740; x_wconf 93' lang='lat' dir='ltr'>morbo</span> <span class='ocrx_word' id='word_1_23' title='bbox 815 675 1005 742; x_wconf 77' lang='lat' dir='ltr'>adulescens</span> <span class='ocrx_word' id='word_1_24' title='bbox 1025 677 1227 760; x_wconf 87' lang='lat' dir='ltr'>conficiatur,</span> <span class='ocrx_word' id='word_1_25' title='bbox 1248 683 1283 744; x_wconf 89' lang='lat' dir='ltr'>et</span> <span class='ocrx_word' id='word_1_26' title='bbox 1301 686 1437 764; x_wconf 91' lang='lat' dir='ltr'>patrem</span> <span class='ocrx_word' id='word_1_27' title='bbox 1461 700 1526 745; x_wconf 84' lang='lat' dir='ltr'>cer·</span> 
     </span>
     <span class='ocr_line' id='line_1_5' title="bbox 381 777 1525 868; baseline 0.008 -28"><span class='ocrx_word' id='word_1_28' title='bbox 381 777 497 842; x_wconf 89' lang='lat' dir='ltr'>tiorem</span> <span class='ocrx_word' id='word_1_29' title='bbox 528 777 607 842; x_wconf 81' lang='lat' dir='ltr'>facit</span> <span class='ocrx_word' id='word_1_30' title='bbox 638 777 744 842; x_wconf 83' lang='lat' dir='ltr'>filium</span> <span class='ocrx_word' id='word_1_31' title='bbox 776 798 817 844; x_wconf 83' lang='lat' dir='ltr'>ex</span> <span class='ocrx_word' id='word_1_32' title='bbox 851 799 958 844; x_wconf 91' lang='lat' dir='ltr'>amore</span> <span class='ocrx_word' id='word_1_33' title='bbox 990 780 1192 846; x_wconf 82' lang='lat' dir='ltr'>concubinae</span> <span class='ocrx_word' id='word_1_34' title='bbox 1226 783 1300 848; x_wconf 90' lang='lat' dir='ltr'>eius</span> <span class='ocrx_word' id='word_1_35' title='bbox 1336 786 1525 868; x_wconf 75' lang='lat' dir='ltr'>aegrotare:</span> 
     </span>
     <span class='ocr_line' id='line_1_6' title="bbox 380 879 1525 966; baseline 0.007 -24"><span class='ocrx_word' id='word_1_36' title='bbox 380 881 545 964; x_wconf 88' lang='lat' dir='ltr'>praeterea</span> <span class='ocrx_word' id='word_1_37' title='bbox 569 879 712 946; x_wconf 88' lang='lat' dir='ltr'>medicus</span> <span class='ocrx_word' id='word_1_38' title='bbox 733 883 818 966; x_wconf 89' lang='lat' dir='ltr'>patri</span> <span class='ocrx_word' id='word_1_39' title='bbox 840 882 1034 966; x_wconf 89' lang='lat' dir='ltr'>persuadere</span> <span class='ocrx_word' id='word_1_40' title='bbox 1058 884 1178 966; x_wconf 82' lang='lat' dir='ltr'>studet,</span> <span class='ocrx_word' id='word_1_41' title='bbox 1209 887 1247 948; x_wconf 94' lang='lat' dir='ltr'>ut</span> <span class='ocrx_word' id='word_1_42' title='bbox 1274 885 1331 951; x_wconf 90' lang='lat' dir='ltr'>ille</span> <span class='ocrx_word' id='word_1_43' title='bbox 1357 886 1434 950; x_wconf 83' lang='lat' dir='ltr'>filio</span> <span class='ocrx_word' id='word_1_44' title='bbox 1459 907 1525 950; x_wconf 92' lang='lat' dir='ltr'>mu·</span> 
     </span>
     <span class='ocr_line' id='line_1_7' title="bbox 380 981 1526 1073; baseline 0.005 -28"><span class='ocrx_word' id='word_1_45' title='bbox 380 981 459 1047; x_wconf 92' lang='lat' dir='ltr'>liere</span> <span class='ocrx_word' id='word_1_46' title='bbox 482 983 582 1048; x_wconf 83' lang='lat' dir='ltr'>cedat</span> <span class='ocrx_word' id='word_1_47' title='bbox 615 983 747 1050; x_wconf 81' lang='lat' dir='ltr'>Pmeter</span> <span class='ocrx_word' id='word_1_48' title='bbox 768 986 976 1068; x_wconf 89' lang='lat' dir='ltr'>prooemium,</span> <span class='ocrx_word' id='word_1_49' title='bbox 1000 1005 1063 1068; x_wconf 93' lang='lat' dir='ltr'>quo</span> <span class='ocrx_word' id='word_1_50' title='bbox 1087 985 1344 1068; x_wconf 84' lang='lat' dir='ltr'>Eutychobulus</span> <span class='ocrx_word' id='word_1_51' title='bbox 1371 989 1526 1073; x_wconf 89' lang='lat' dir='ltr'>epistolo·</span> 
     </span>
     <span class='ocr_line' id='line_1_8' title="bbox 379 1086 1524 1172; baseline 0.004 -23"><span class='ocrx_word' id='word_1_52' title='bbox 379 1086 521 1169; x_wconf 89' lang='lat' dir='ltr'>graphus</span> <span class='ocrx_word' id='word_1_53' title='bbox 540 1087 738 1152; x_wconf 86' lang='lat' dir='ltr'>Acestodoro</span> <span class='ocrx_word' id='word_1_54' title='bbox 758 1088 899 1172; x_wconf 83' lang='lat' dir='ltr'>exponit,</span> <span class='ocrx_word' id='word_1_55' title='bbox 918 1108 977 1153; x_wconf 89' lang='lat' dir='ltr'>cur</span> <span class='ocrx_word' id='word_1_56' title='bbox 995 1088 1078 1154; x_wconf 85' lang='lat' dir='ltr'>hanc</span> <span class='ocrx_word' id='word_1_57' title='bbox 1096 1089 1318 1155; x_wconf 81' lang='lat' dir='ltr'>narrationem</span> <span class='ocrx_word' id='word_1_58' title='bbox 1339 1091 1465 1156; x_wconf 84' lang='lat' dir='ltr'>afferat</span> <span class='ocrx_word' id='word_1_59' title='bbox 1483 1128 1524 1140; x_wconf 92' lang='lat'><em>-</em></span> 
     </span>
     <span class='ocr_line' id='line_1_9' title="bbox 379 1189 1524 1273; baseline 0.006 -23"><span class='ocrx_word' id='word_1_60' title='bbox 379 1208 454 1251; x_wconf 92' lang='lat' dir='ltr'>nam</span> <span class='ocrx_word' id='word_1_61' title='bbox 477 1189 646 1254; x_wconf 89' lang='lat' dir='ltr'>ostendere</span> <span class='ocrx_word' id='word_1_62' title='bbox 670 1189 748 1272; x_wconf 88' lang='lat' dir='ltr'>vult,</span> <span class='ocrx_word' id='word_1_63' title='bbox 772 1191 883 1273; x_wconf 88' lang='lat' dir='ltr'>quanti</span> <span class='ocrx_word' id='word_1_64' title='bbox 906 1191 942 1254; x_wconf 89' lang='lat' dir='ltr'>in</span> <span class='ocrx_word' id='word_1_65' title='bbox 965 1190 1062 1256; x_wconf 89' lang='lat' dir='ltr'>rebus</span> <span class='ocrx_word' id='word_1_66' title='bbox 1086 1191 1239 1256; x_wconf 89' lang='lat' dir='ltr'>humanis</span> <span class='ocrx_word' id='word_1_67' title='bbox 1263 1193 1402 1259; x_wconf 85' lang='lat' dir='ltr'>fortuna</span> <span class='ocrx_word' id='word_1_68' title='bbox 1429 1196 1524 1259; x_wconf 87' lang='lat' dir='ltr'>aesti-</span> 
     </span>
     <span class='ocr_line' id='line_1_10' title="bbox 380 1291 1523 1382; baseline 0.007 -28"><span class='ocrx_word' id='word_1_69' title='bbox 380 1291 496 1355; x_wconf 89' lang='lat' dir='ltr'>manda</span> <span class='ocrx_word' id='word_1_70' title='bbox 518 1293 561 1356; x_wconf 88' lang='lat' dir='ltr'>sit</span> <span class='ocrx_word' id='word_1_71' title='bbox 587 1329 640 1374; x_wconf 91' lang='lat'>-,</span> <span class='ocrx_word' id='word_1_72' title='bbox 662 1293 698 1355; x_wconf 92' lang='lat' dir='ltr'>in</span> <span class='ocrx_word' id='word_1_73' title='bbox 721 1293 782 1358; x_wconf 90' lang='lat' dir='ltr'>hac</span> <span class='ocrx_word' id='word_1_74' title='bbox 805 1293 942 1376; x_wconf 88' lang='lat' dir='ltr'>epistula</span> <span class='ocrx_word' id='word_1_75' title='bbox 964 1293 1046 1356; x_wconf 91' lang='lat' dir='ltr'>nihil</span> <span class='ocrx_word' id='word_1_76' title='bbox 1074 1292 1114 1357; x_wconf 88' lang='lat' dir='ltr'>ad</span> <span class='ocrx_word' id='word_1_77' title='bbox 1138 1295 1335 1378; x_wconf 87' lang='lat' dir='ltr'>scriptorem</span> <span class='ocrx_word' id='word_1_78' title='bbox 1361 1297 1523 1382; x_wconf 82' lang='lat' dir='ltr'>epistulae</span> 
     </span>
     <span class='ocr_line' id='line_1_11' title="bbox 378 1394 1522 1482; baseline 0.002 -22"><span class='ocrx_word' id='word_1_79' title='bbox 378 1396 524 1478; x_wconf 77' lang='lat' dir='ltr'>pertinet,</span> <span class='ocrx_word' id='word_1_80' title='bbox 548 1394 606 1462; x_wconf 90' lang='lat' dir='ltr'>sed</span> <span class='ocrx_word' id='word_1_81' title='bbox 628 1398 694 1460; x_wconf 87' lang='lat' dir='ltr'>toto</span> <span class='ocrx_word' id='word_1_82' title='bbox 717 1396 785 1462; x_wconf 83' lang='lat' dir='ltr'>lere</span> <span class='ocrx_word' id='word_1_83' title='bbox 809 1398 1032 1479; x_wconf 83' lang='lat' dir='ltr'>narrationem,</span> <span class='ocrx_word' id='word_1_84' title='bbox 1058 1397 1152 1462; x_wconf 84' lang='lat' dir='ltr'>cuius</span> <span class='ocrx_word' id='word_1_85' title='bbox 1176 1403 1415 1482; x_wconf 83' lang='lat' dir='ltr'>argumentum</span> <span class='ocrx_word' id='word_1_86' title='bbox 1440 1405 1522 1463; x_wconf 90' lang='lat' dir='ltr'>attu-</span> 
     </span>
     <span class='ocr_line' id='line_1_12' title="bbox 376 1497 1520 1586; baseline 0.005 -26"><span class='ocrx_word' id='word_1_87' title='bbox 376 1497 483 1580; x_wconf 78' lang='lat' dir='ltr'>limuS,</span> <span class='ocrx_word' id='word_1_88' title='bbox 500 1499 650 1563; x_wconf 87' lang='lat' dir='ltr'>continet.</span> <span class='ocrx_word' id='word_1_89' title='bbox 674 1498 818 1564; x_wconf 79' lang='lat' dir='ltr'>Eandem</span> <span class='ocrx_word' id='word_1_90' title='bbox 834 1499 920 1584; x_wconf 91' lang='lat' dir='ltr'>apud</span> <span class='ocrx_word' id='word_1_91' title='bbox 934 1500 1119 1584; x_wconf 80' lang='lat' dir='ltr'>Appianum</span> <span class='ocrx_word' id='word_1_92' title='bbox 1134 1500 1272 1583; x_wconf 80' lang='lat' dir='ltr'>(Syriae.</span> <span class='ocrx_word' id='word_1_93' title='bbox 1286 1521 1357 1586; x_wconf 90' lang='lat' dir='ltr'>cap.</span> <span class='ocrx_word' id='word_1_94' title='bbox 1373 1503 1520 1582; x_wconf 65' lang='lat'>59-625</span> 
     </span>
     <span class='ocr_line' id='line_1_13' title="bbox 378 1600 1520 1688; baseline 0.003 -24"><span class='ocrx_word' id='word_1_95' title='bbox 378 1603 411 1664; x_wconf 93' lang='lat' dir='ltr'>et</span> <span class='ocrx_word' id='word_1_96' title='bbox 433 1600 642 1666; x_wconf 87' lang='lat' dir='ltr'>Plutarchum</span> <span class='ocrx_word' id='word_1_97' title='bbox 671 1603 737 1686; x_wconf 88' lang='lat' dir='ltr'>(vit.</span> <span class='ocrx_word' id='word_1_98' title='bbox 754 1601 907 1668; x_wconf 87' lang='lat' dir='ltr'>Demetrii</span> <span class='ocrx_word' id='word_1_99' title='bbox 936 1623 1004 1688; x_wconf 89' lang='lat' dir='ltr'>cap.</span> <span class='ocrx_word' id='word_1_100' title='bbox 1022 1604 1075 1686; x_wconf 81' lang='lat'>38)</span> <span class='ocrx_word' id='word_1_101' title='bbox 1104 1603 1254 1687; x_wconf 81' lang='lat' dir='ltr'>legimus</span> <span class='ocrx_word' id='word_1_102' title='bbox 1290 1604 1358 1682; x_wconf 81' lang='lat' dir='ltr'>Qui</span> <span class='ocrx_word' id='word_1_103' title='bbox 1386 1610 1520 1670; x_wconf 87' lang='lat' dir='ltr'>narrant</span> 
     </span>
     <span class='ocr_line' id='line_1_14' title="bbox 378 1702 1518 1790; baseline 0.002 -22"><span class='ocrx_word' id='word_1_104' title='bbox 378 1702 550 1770; x_wconf 84' lang='lat' dir='ltr'>Seleucum</span> <span class='ocrx_word' id='word_1_105' title='bbox 572 1723 681 1788; x_wconf 88' lang='lat' dir='ltr'>regem</span> <span class='ocrx_word' id='word_1_106' title='bbox 704 1705 866 1770; x_wconf 85' lang='lat' dir='ltr'>Antiocho</span> <span class='ocrx_word' id='word_1_107' title='bbox 889 1705 969 1788; x_wconf 88' lang='lat' dir='ltr'>filio,</span> <span class='ocrx_word' id='word_1_108' title='bbox 997 1709 1167 1790; x_wconf 91' lang='lat' dir='ltr'>postquam</span> <span class='ocrx_word' id='word_1_109' title='bbox 1190 1705 1342 1772; x_wconf 89' lang='lat' dir='ltr'>medicus</span> <span class='ocrx_word' id='word_1_110' title='bbox 1372 1707 1518 1772; x_wconf 87' lang='lat' dir='ltr'>animad-</span> 
     </span>
     <span class='ocr_line' id='line_1_15' title="bbox 377 1807 1518 1891; baseline 0.005 -23"><span class='ocrx_word' id='word_1_111' title='bbox 377 1807 473 1872; x_wconf 81' lang='lat' dir='ltr'>vertit</span> <span class='ocrx_word' id='word_1_112' title='bbox 496 1826 568 1872; x_wconf 87' lang='lat' dir='ltr'>eum</span> <span class='ocrx_word' id='word_1_113' title='bbox 593 1826 700 1872; x_wconf 92' lang='lat' dir='ltr'>amore</span> <span class='ocrx_word' id='word_1_114' title='bbox 719 1827 877 1874; x_wconf 89' lang='lat' dir='ltr'>novercae</span> <span class='ocrx_word' id='word_1_115' title='bbox 898 1809 1050 1891; x_wconf 88' lang='lat' dir='ltr'>laborare,</span> <span class='ocrx_word' id='word_1_116' title='bbox 1074 1828 1165 1873; x_wconf 88' lang='lat' dir='ltr'>suam</span> <span class='ocrx_word' id='word_1_117' title='bbox 1185 1829 1326 1875; x_wconf 82' lang='lat' dir='ltr'>uxorem</span> <span class='ocrx_word' id='word_1_118' title='bbox 1351 1812 1386 1874; x_wconf 90' lang='lat' dir='ltr'>in</span> <span class='ocrx_word' id='word_1_119' title='bbox 1409 1813 1518 1876; x_wconf 87' lang='lat' dir='ltr'>matri-</span> 
     </span>
     <span class='ocr_line' id='line_1_16' title="bbox 377 1905 1517 1992; baseline 0.001 -23"><span class='ocrx_word' id='word_1_120' title='bbox 377 1907 521 1970; x_wconf 91' lang='lat' dir='ltr'>monium</span> <span class='ocrx_word' id='word_1_121' title='bbox 544 1905 680 1972; x_wconf 88' lang='lat' dir='ltr'>dedisse.</span> <span class='ocrx_word' id='word_1_122' title='bbox 713 1907 763 1971; x_wconf 79' lang='lat' dir='ltr'>ux</span> <span class='ocrx_word' id='word_1_123' title='bbox 788 1907 898 1972; x_wconf 86' lang='lat' dir='ltr'>multis</span> <span class='ocrx_word' id='word_1_124' title='bbox 921 1908 1026 1990; x_wconf 88' lang='lat' dir='ltr'>rebus,</span> <span class='ocrx_word' id='word_1_125' title='bbox 1051 1908 1169 1990; x_wconf 90' lang='lat' dir='ltr'>quibus</span> <span class='ocrx_word' id='word_1_126' title='bbox 1193 1911 1438 1991; x_wconf 66' lang='lat' dir='ltr'>Aristaenetus</span> <span class='ocrx_word' id='word_1_127' title='bbox 1463 1910 1517 1992; x_wconf 89' lang='lat' dir='ltr'>qui</span> 
     </span>
     <span class='ocr_line' id='line_1_17' title="bbox 375 2008 1517 2094; baseline 0.002 -22"><span class='ocrx_word' id='word_1_128' title='bbox 375 2008 481 2074; x_wconf 91' lang='lat' dir='ltr'>solum</span> <span class='ocrx_word' id='word_1_129' title='bbox 501 2011 631 2074; x_wconf 89' lang='lat' dir='ltr'>nomina</span> <span class='ocrx_word' id='word_1_130' title='bbox 654 2029 864 2094; x_wconf 87' lang='lat' dir='ltr'>personarum</span> <span class='ocrx_word' id='word_1_131' title='bbox 886 2011 1030 2092; x_wconf 87' lang='lat' dir='ltr'>mutavit,</span> <span class='ocrx_word' id='word_1_132' title='bbox 1053 2013 1086 2076; x_wconf 90' lang='lat' dir='ltr'>et</span> <span class='ocrx_word' id='word_1_133' title='bbox 1104 2009 1255 2076; x_wconf 87' lang='lat' dir='ltr'>historici</span> <span class='ocrx_word' id='word_1_134' title='bbox 1274 2012 1364 2076; x_wconf 89' lang='lat' dir='ltr'>inter</span> <span class='ocrx_word' id='word_1_135' title='bbox 1382 2031 1421 2076; x_wconf 91' lang='lat' dir='ltr'>se</span> <span class='ocrx_word' id='word_1_136' title='bbox 1442 2032 1517 2076; x_wconf 88' lang='lat' dir='ltr'>con-</span> 
     </span>
     <span class='ocr_line' id='line_1_18' title="bbox 374 2111 1517 2197; baseline 0.002 -22"><span class='ocrx_word' id='word_1_137' title='bbox 374 2112 527 2194; x_wconf 80' lang='lat' dir='ltr'>sentiunt,</span> <span class='ocrx_word' id='word_1_138' title='bbox 555 2133 652 2176; x_wconf 92' lang='lat' dir='ltr'>unam</span> <span class='ocrx_word' id='word_1_139' title='bbox 676 2113 824 2196; x_wconf 76' lang='lat' dir='ltr'>adieram,</span> <span class='ocrx_word' id='word_1_140' title='bbox 853 2133 895 2179; x_wconf 86' lang='lat' dir='ltr'>ex</span> <span class='ocrx_word' id='word_1_141' title='bbox 918 2133 982 2196; x_wconf 90' lang='lat' dir='ltr'>qua</span> <span class='ocrx_word' id='word_1_142' title='bbox 1004 2111 1191 2194; x_wconf 88' lang='lat' dir='ltr'>similitudo,</span> <span class='ocrx_word' id='word_1_143' title='bbox 1221 2133 1306 2197; x_wconf 91' lang='lat' dir='ltr'>quae</span> <span class='ocrx_word' id='word_1_144' title='bbox 1330 2115 1517 2179; x_wconf 85' lang='lat' dir='ltr'>interillos</span> 
     </span>
     <span class='ocr_line' id='line_1_19' title="bbox 374 2214 1516 2301; baseline 0.002 -23"><span class='ocrx_word' id='word_1_145' title='bbox 374 2215 554 2298; x_wconf 82' lang='lat' dir='ltr'>intercedit,</span> <span class='ocrx_word' id='word_1_146' title='bbox 571 2217 690 2300; x_wconf 90' lang='lat' dir='ltr'>optime</span> <span class='ocrx_word' id='word_1_147' title='bbox 706 2220 925 2301; x_wconf 87' lang='lat' dir='ltr'>cognoscatur.</span> <span class='ocrx_word' id='word_1_148' title='bbox 949 2214 1096 2280; x_wconf 88' lang='lat' dir='ltr'>Medicus</span> <span class='ocrx_word' id='word_1_149' title='bbox 1112 2217 1209 2298; x_wconf 90' lang='lat' dir='ltr'>euim,</span> <span class='ocrx_word' id='word_1_150' title='bbox 1226 2218 1421 2300; x_wconf 90' lang='lat' dir='ltr'>priusquam</span> <span class='ocrx_word' id='word_1_151' title='bbox 1438 2215 1516 2281; x_wconf 88' lang='lat' dir='ltr'>dicit</span> 
     </span>
     <span class='ocr_line' id='line_1_20' title="bbox 373 2317 1516 2403; baseline 0.003 -23"><span class='ocrx_word' id='word_1_152' title='bbox 373 2317 479 2382; x_wconf 78' lang='lat' dir='ltr'>tilium</span> <span class='ocrx_word' id='word_1_153' title='bbox 496 2338 603 2383; x_wconf 86' lang='lat' dir='ltr'>amoro</span> <span class='ocrx_word' id='word_1_154' title='bbox 622 2320 734 2383; x_wconf 82' lang='lat' dir='ltr'>uxoris</span> <span class='ocrx_word' id='word_1_155' title='bbox 750 2320 849 2403; x_wconf 89' lang='lat' dir='ltr'>patris</span> <span class='ocrx_word' id='word_1_156' title='bbox 865 2319 1101 2382; x_wconf 88' lang='lat' dir='ltr'>inflammatum</span> <span class='ocrx_word' id='word_1_157' title='bbox 1117 2335 1196 2400; x_wconf 88' lang='lat' dir='ltr'>esse,</span> <span class='ocrx_word' id='word_1_158' title='bbox 1214 2321 1248 2382; x_wconf 88' lang='lat' dir='ltr'>et</span> <span class='ocrx_word' id='word_1_159' title='bbox 1263 2317 1352 2402; x_wconf 90' lang='lat' dir='ltr'>apud</span> <span class='ocrx_word' id='word_1_160' title='bbox 1368 2320 1516 2383; x_wconf 88' lang='lat' dir='ltr'>Aristae-</span> 
     </span>
     <span class='ocr_line' id='line_1_21' title="bbox 373 2419 1514 2505; baseline 0 -21"><span class='ocrx_word' id='word_1_161' title='bbox 373 2423 486 2486; x_wconf 88' lang='lat' dir='ltr'>netum</span> <span class='ocrx_word' id='word_1_162' title='bbox 509 2427 541 2484; x_wconf 91' lang='lat' dir='ltr'>et</span> <span class='ocrx_word' id='word_1_163' title='bbox 563 2420 649 2505; x_wconf 93' lang='lat' dir='ltr'>apud</span> <span class='ocrx_word' id='word_1_164' title='bbox 668 2423 838 2487; x_wconf 88' lang='lat' dir='ltr'>historicos</span> <span class='ocrx_word' id='word_1_165' title='bbox 857 2421 968 2487; x_wconf 91' lang='lat' dir='ltr'>eodem</span> <span class='ocrx_word' id='word_1_166' title='bbox 990 2419 1063 2485; x_wconf 94' lang='lat' dir='ltr'>dolo</span> <span class='ocrx_word' id='word_1_167' title='bbox 1086 2421 1197 2502; x_wconf 88' lang='lat' dir='ltr'>utitur,</span> <span class='ocrx_word' id='word_1_168' title='bbox 1222 2439 1300 2485; x_wconf 90' lang='lat' dir='ltr'>oum</span> <span class='ocrx_word' id='word_1_169' title='bbox 1320 2421 1457 2485; x_wconf 91' lang='lat' dir='ltr'>simulat</span> <span class='ocrx_word' id='word_1_170' title='bbox 1475 2421 1514 2485; x_wconf 87' lang='lat' dir='ltr'>ab</span> 
     </span>
     <span class='ocr_line' id='line_1_22' title="bbox 371 2523 1514 2590; baseline 0 -2"><span class='ocrx_word' id='word_1_171' title='bbox 371 2525 534 2589; x_wconf 86' lang='lat' dir='ltr'>Antiocho</span> <span class='ocrx_word' id='word_1_172' title='bbox 562 2525 614 2590; x_wconf 89' lang='lat' dir='ltr'>vel</span> <span class='ocrx_word' id='word_1_173' title='bbox 647 2525 793 2590; x_wconf 80' lang='lat' dir='ltr'>Chariclo</span> <span class='ocrx_word' id='word_1_174' title='bbox 823 2545 913 2590; x_wconf 87' lang='lat' dir='ltr'>suam</span> <span class='ocrx_word' id='word_1_175' title='bbox 946 2543 1082 2589; x_wconf 85' lang='lat' dir='ltr'>uxorem</span> <span class='ocrx_word' id='word_1_176' title='bbox 1113 2524 1222 2588; x_wconf 88' lang='lat' dir='ltr'>amari.</span> <span class='ocrx_word' id='word_1_177' title='bbox 1256 2523 1367 2588; x_wconf 85' lang='lat' dir='ltr'>Facile</span> <span class='ocrx_word' id='word_1_178' title='bbox 1403 2529 1514 2588; x_wconf 86' lang='lat' dir='ltr'>autem</span> 
     </span>
     <span class='ocr_line' id='line_1_23' title="bbox 371 2626 1514 2710; baseline 0 -20"><span class='ocrx_word' id='word_1_179' title='bbox 371 2627 578 2710; x_wconf 88' lang='lat' dir='ltr'>intellegitur,</span> <span class='ocrx_word' id='word_1_180' title='bbox 603 2648 662 2693; x_wconf 90' lang='lat' dir='ltr'>our</span> <span class='ocrx_word' id='word_1_181' title='bbox 679 2630 904 2693; x_wconf 86' lang='lat' dir='ltr'>Aristaenetus</span> <span class='ocrx_word' id='word_1_182' title='bbox 923 2627 984 2692; x_wconf 92' lang='lat' dir='ltr'>hoc</span> <span class='ocrx_word' id='word_1_183' title='bbox 1003 2631 1231 2710; x_wconf 91' lang='lat' dir='ltr'>argumentum</span> <span class='ocrx_word' id='word_1_184' title='bbox 1251 2626 1397 2710; x_wconf 87' lang='lat' dir='ltr'>elegerit</span> <span class='ocrx_word' id='word_1_185' title='bbox 1424 2629 1514 2692; x_wconf 89' lang='lat' dir='ltr'>luter</span> 
     </span>
     <span class='ocr_line' id='line_1_24' title="bbox 372 2727 1514 2812; baseline -0.002 -18"><span class='ocrx_word' id='word_1_186' title='bbox 372 2731 606 2794; x_wconf 84' lang='lat' dir='ltr'>controversias</span> <span class='ocrx_word' id='word_1_187' title='bbox 630 2731 772 2795; x_wconf 86' lang='lat' dir='ltr'>Senecae</span> <span class='ocrx_word' id='word_1_188' title='bbox 796 2732 883 2794; x_wconf 89' lang='lat' dir='ltr'>enim</span> <span class='ocrx_word' id='word_1_189' title='bbox 904 2749 983 2812; x_wconf 87' lang='lat' dir='ltr'>una,</span> <span class='ocrx_word' id='word_1_190' title='bbox 1011 2747 1093 2812; x_wconf 90' lang='lat' dir='ltr'>quae</span> <span class='ocrx_word' id='word_1_191' title='bbox 1116 2727 1157 2792; x_wconf 91' lang='lat' dir='ltr'>ad</span> <span class='ocrx_word' id='word_1_192' title='bbox 1181 2728 1268 2792; x_wconf 91' lang='lat' dir='ltr'>idem</span> <span class='ocrx_word' id='word_1_193' title='bbox 1293 2733 1435 2812; x_wconf 89' lang='lat' dir='ltr'>spectet,</span> <span class='ocrx_word' id='word_1_194' title='bbox 1464 2731 1514 2792; x_wconf 90' lang='lat' dir='ltr'>in-</span> 
     </span>
    </p>
   </div>
   <div class='ocr_carea' id='block_1_3' title="bbox 369 2829 1513 3224">
    <p class='ocr_par' dir='ltr' id='par_1_3' title="bbox 369 2829 1513 3224">
     <span class='ocr_line' id='line_1_25' title="bbox 370 2829 1513 2916; baseline 0.001 -22"><span class='ocrx_word' id='word_1_195' title='bbox 370 2831 509 2916; x_wconf 87' lang='lat' dir='ltr'>venitur,</span> <span class='ocrx_word' id='word_1_196' title='bbox 526 2833 573 2896; x_wconf 86' lang='lat' dir='ltr'>VI</span> <span class='ocrx_word' id='word_1_197' title='bbox 586 2835 615 2914; x_wconf 79' lang='lat'>7,</span> <span class='ocrx_word' id='word_1_198' title='bbox 634 2833 688 2898; x_wconf 89' lang='lat' dir='ltr'>cui</span> <span class='ocrx_word' id='word_1_199' title='bbox 704 2831 947 2916; x_wconf 90' lang='lat' dir='ltr'>praescribitur:</span> <span class='ocrx_word' id='word_1_200' title='bbox 968 2830 1168 2896; x_wconf 79' lang='lat' dir='ltr'>‘Dementiae</span> <span class='ocrx_word' id='word_1_201' title='bbox 1188 2832 1231 2894; x_wconf 91' lang='lat' dir='ltr'>sit</span> <span class='ocrx_word' id='word_1_202' title='bbox 1251 2833 1345 2895; x_wconf 89' lang='lat' dir='ltr'>actio.</span> <span class='ocrx_word' id='word_1_203' title='bbox 1371 2829 1438 2908; x_wconf 85' lang='lat' dir='ltr'>Qui</span> <span class='ocrx_word' id='word_1_204' title='bbox 1457 2832 1513 2896; x_wconf 92' lang='lat' dir='ltr'>ha·</span> 
     </span>
     <span class='ocr_line' id='line_1_26' title="bbox 371 2931 1512 3018; baseline 0 -20"><span class='ocrx_word' id='word_1_205' title='bbox 371 2933 468 2999; x_wconf 89' lang='lat' dir='ltr'>bebat</span> <span class='ocrx_word' id='word_1_206' title='bbox 486 2934 567 3000; x_wconf 89' lang='lat' dir='ltr'>duos</span> <span class='ocrx_word' id='word_1_207' title='bbox 585 2935 681 3018; x_wconf 78' lang='lat' dir='ltr'>tilica,</span> <span class='ocrx_word' id='word_1_208' title='bbox 701 2936 797 3000; x_wconf 85' lang='lat' dir='ltr'>duxit</span> <span class='ocrx_word' id='word_1_209' title='bbox 813 2954 959 3000; x_wconf 86' lang='lat' dir='ltr'>uxorem.</span> <span class='ocrx_word' id='word_1_210' title='bbox 983 2934 1075 2998; x_wconf 89' lang='lat' dir='ltr'>Alter</span> <span class='ocrx_word' id='word_1_211' title='bbox 1090 2953 1130 2998; x_wconf 86' lang='lat' dir='ltr'>ex</span> <span class='ocrx_word' id='word_1_212' title='bbox 1148 2931 1416 3000; x_wconf 88' lang='lat' dir='ltr'>adulescentibus</span> <span class='ocrx_word' id='word_1_213' title='bbox 1436 2954 1512 2998; x_wconf 91' lang='lat' dir='ltr'>cnm</span> 
     </span>
     <span class='ocr_line' id='line_1_27' title="bbox 369 3035 1510 3120; baseline 0 -20"><span class='ocrx_word' id='word_1_214' title='bbox 369 3039 550 3120; x_wconf 83' lang='lat' dir='ltr'>aegrotaret</span> <span class='ocrx_word' id='word_1_215' title='bbox 573 3043 605 3102; x_wconf 91' lang='lat' dir='ltr'>et</span> <span class='ocrx_word' id='word_1_216' title='bbox 627 3038 663 3100; x_wconf 91' lang='lat' dir='ltr'>in</span> <span class='ocrx_word' id='word_1_217' title='bbox 684 3038 806 3102; x_wconf 88' lang='lat' dir='ltr'>ultimis</span> <span class='ocrx_word' id='word_1_218' title='bbox 830 3041 922 3120; x_wconf 83' lang='lat' dir='ltr'>esset,</span> <span class='ocrx_word' id='word_1_219' title='bbox 946 3037 1065 3102; x_wconf 91' lang='lat' dir='ltr'>medici</span> <span class='ocrx_word' id='word_1_220' title='bbox 1087 3035 1243 3101; x_wconf 84' lang='lat' dir='ltr'>dixerunt</span> <span class='ocrx_word' id='word_1_221' title='bbox 1266 3037 1369 3100; x_wconf 89' lang='lat' dir='ltr'>animi</span> <span class='ocrx_word' id='word_1_222' title='bbox 1393 3037 1510 3100; x_wconf 82' lang='lat' dir='ltr'>vitium</span> 
     </span>
     <span class='ocr_line' id='line_1_28' title="bbox 369 3137 1511 3224; baseline -0.001 -20"><span class='ocrx_word' id='word_1_223' title='bbox 369 3157 451 3204; x_wconf 87' lang='lat' dir='ltr'>esse.</span> <span class='ocrx_word' id='word_1_224' title='bbox 484 3139 621 3204; x_wconf 76' lang='lat' dir='ltr'>intravit</span> <span class='ocrx_word' id='word_1_225' title='bbox 639 3139 679 3204; x_wconf 89' lang='lat' dir='ltr'>ad</span> <span class='ocrx_word' id='word_1_226' title='bbox 698 3140 802 3205; x_wconf 89' lang='lat' dir='ltr'>filium</span> <span class='ocrx_word' id='word_1_227' title='bbox 823 3140 932 3205; x_wconf 89' lang='lat' dir='ltr'>stricto</span> <span class='ocrx_word' id='word_1_228' title='bbox 951 3137 1057 3224; x_wconf 88' lang='lat' dir='ltr'>gladio</span> <span class='ocrx_word' id='word_1_229' title='bbox 1081 3145 1179 3223; x_wconf 88' lang='lat' dir='ltr'>pater,</span> <span class='ocrx_word' id='word_1_230' title='bbox 1202 3139 1338 3222; x_wconf 84' lang='lat' dir='ltr'>rogarit,</span> <span class='ocrx_word' id='word_1_231' title='bbox 1364 3142 1402 3204; x_wconf 91' lang='lat' dir='ltr'>ut</span> <span class='ocrx_word' id='word_1_232' title='bbox 1426 3139 1511 3203; x_wconf 91' lang='lat' dir='ltr'>indi-</span> 
     </span>
    </p>
   </div>
   <div class='ocr_carea' id='block_1_4' title="bbox 366 3239 1510 4258">
    <p class='ocr_par' dir='ltr' id='par_1_4' title="bbox 366 3239 1510 4258">
     <span class='ocr_line' id='line_1_29' title="bbox 370 3239 1510 3308; baseline -0.001 -1"><span class='ocrx_word' id='word_1_233' title='bbox 370 3249 458 3307; x_wconf 88' lang='lat' dir='ltr'>caret</span> <span class='ocrx_word' id='word_1_234' title='bbox 476 3243 538 3306; x_wconf 89' lang='lat' dir='ltr'>sibi</span> <span class='ocrx_word' id='word_1_235' title='bbox 554 3263 691 3308; x_wconf 89' lang='lat' dir='ltr'>causam.</span> <span class='ocrx_word' id='word_1_236' title='bbox 720 3245 776 3308; x_wconf 93' lang='lat' dir='ltr'>Ait</span> <span class='ocrx_word' id='word_1_237' title='bbox 794 3244 894 3308; x_wconf 90' lang='lat' dir='ltr'>amari</span> <span class='ocrx_word' id='word_1_238' title='bbox 912 3263 931 3307; x_wconf 90' lang='lat' dir='ltr'>a</span> <span class='ocrx_word' id='word_1_239' title='bbox 946 3262 982 3307; x_wconf 88' lang='lat' dir='ltr'>se</span> <span class='ocrx_word' id='word_1_240' title='bbox 1002 3259 1181 3306; x_wconf 87' lang='lat' dir='ltr'>novercam.</span> <span class='ocrx_word' id='word_1_241' title='bbox 1210 3239 1317 3305; x_wconf 83' lang='lat' dir='ltr'>Cessit</span> <span class='ocrx_word' id='word_1_242' title='bbox 1334 3239 1384 3304; x_wconf 90' lang='lat' dir='ltr'>illi</span> <span class='ocrx_word' id='word_1_243' title='bbox 1405 3261 1510 3306; x_wconf 77' lang='lat' dir='ltr'>uxore</span> 
     </span>
     <span class='ocr_line' id='line_1_30' title="bbox 369 3341 1509 3430; baseline 0 -21"><span class='ocrx_word' id='word_1_244' title='bbox 369 3365 429 3410; x_wconf 90' lang='lat' dir='ltr'>sua</span> <span class='ocrx_word' id='word_1_245' title='bbox 451 3352 549 3430; x_wconf 90' lang='lat' dir='ltr'>pater.</span> <span class='ocrx_word' id='word_1_246' title='bbox 580 3345 632 3412; x_wconf 91' lang='lat' dir='ltr'>Ab</span> <span class='ocrx_word' id='word_1_247' title='bbox 651 3347 749 3412; x_wconf 86' lang='lat' dir='ltr'>altero</span> <span class='ocrx_word' id='word_1_248' title='bbox 774 3349 945 3411; x_wconf 87' lang='lat' dir='ltr'>accusatur</span> <span class='ocrx_word' id='word_1_249' title='bbox 968 3344 1166 3409; x_wconf 88' lang='lat' dir='ltr'>dementiae’.</span> <span class='ocrx_word' id='word_1_250' title='bbox 1198 3341 1396 3427; x_wconf 87' lang='lat' dir='ltr'>Discrepant</span> <span class='ocrx_word' id='word_1_251' title='bbox 1420 3353 1509 3409; x_wconf 84' lang='lat' dir='ltr'>certe</span> 
     </span>
     <span class='ocr_line' id='line_1_31' title="bbox 369 3451 1509 3538; baseline -0.003 -21"><span class='ocrx_word' id='word_1_252' title='bbox 369 3453 479 3518; x_wconf 90' lang='lat' dir='ltr'>multis</span> <span class='ocrx_word' id='word_1_253' title='bbox 503 3455 538 3518; x_wconf 92' lang='lat' dir='ltr'>in</span> <span class='ocrx_word' id='word_1_254' title='bbox 561 3453 658 3519; x_wconf 89' lang='lat' dir='ltr'>rebus</span> <span class='ocrx_word' id='word_1_255' title='bbox 682 3455 871 3538; x_wconf 88' lang='lat' dir='ltr'>scriptores;</span> <span class='ocrx_word' id='word_1_256' title='bbox 899 3454 933 3516; x_wconf 93' lang='lat' dir='ltr'>in</span> <span class='ocrx_word' id='word_1_257' title='bbox 957 3451 1148 3536; x_wconf 90' lang='lat' dir='ltr'>quibusdam</span> <span class='ocrx_word' id='word_1_258' title='bbox 1173 3453 1284 3514; x_wconf 87' lang='lat' dir='ltr'>tamen</span> <span class='ocrx_word' id='word_1_259' title='bbox 1308 3451 1406 3516; x_wconf 88' lang='lat' dir='ltr'>etiam</span> <span class='ocrx_word' id='word_1_260' title='bbox 1432 3471 1509 3516; x_wconf 90' lang='lat' dir='ltr'>oon-</span> 
     </span>
     <span class='ocr_line' id='line_1_32' title="bbox 367 3553 1508 3641; baseline -0.002 -21"><span class='ocrx_word' id='word_1_261' title='bbox 367 3558 521 3622; x_wconf 84' lang='lat' dir='ltr'>sentinnt</span> <span class='ocrx_word' id='word_1_262' title='bbox 545 3557 643 3641; x_wconf 91' lang='lat' dir='ltr'>Apud</span> <span class='ocrx_word' id='word_1_263' title='bbox 655 3557 809 3622; x_wconf 83' lang='lat' dir='ltr'>Senecam</span> <span class='ocrx_word' id='word_1_264' title='bbox 820 3555 919 3634; x_wconf 84' lang='lat' dir='ltr'>filiae,</span> <span class='ocrx_word' id='word_1_265' title='bbox 932 3555 989 3638; x_wconf 90' lang='lat' dir='ltr'>qui</span> <span class='ocrx_word' id='word_1_266' title='bbox 1001 3559 1169 3619; x_wconf 88' lang='lat' dir='ltr'>accusator</span> <span class='ocrx_word' id='word_1_267' title='bbox 1181 3553 1283 3636; x_wconf 88' lang='lat' dir='ltr'>patris</span> <span class='ocrx_word' id='word_1_268' title='bbox 1297 3559 1354 3634; x_wconf 88' lang='lat' dir='ltr'>est,</span> <span class='ocrx_word' id='word_1_269' title='bbox 1371 3553 1508 3618; x_wconf 73' lang='lat' dir='ltr'>trabem</span> 
     </span>
     <span class='ocr_line' id='line_1_33' title="bbox 367 3657 1508 3738; baseline -0.004 -14"><span class='ocrx_word' id='word_1_270' title='bbox 367 3659 525 3724; x_wconf 85' lang='lat' dir='ltr'>adulterio</span> <span class='ocrx_word' id='word_1_271' title='bbox 550 3662 582 3724; x_wconf 92' lang='lat' dir='ltr'>et</span> <span class='ocrx_word' id='word_1_272' title='bbox 604 3659 765 3725; x_wconf 89' lang='lat' dir='ltr'>lenocinio</span> <span class='ocrx_word' id='word_1_273' title='bbox 789 3664 950 3724; x_wconf 84' lang='lat' dir='ltr'>servatum</span> <span class='ocrx_word' id='word_1_274' title='bbox 970 3676 1048 3738; x_wconf 91' lang='lat' dir='ltr'>esse,</span> <span class='ocrx_word' id='word_1_275' title='bbox 1074 3664 1106 3722; x_wconf 91' lang='lat' dir='ltr'>et</span> <span class='ocrx_word' id='word_1_276' title='bbox 1127 3659 1266 3720; x_wconf 87' lang='lat' dir='ltr'>mortem</span> <span class='ocrx_word' id='word_1_277' title='bbox 1285 3657 1358 3721; x_wconf 88' lang='lat' dir='ltr'>eius</span> <span class='ocrx_word' id='word_1_278' title='bbox 1381 3657 1508 3722; x_wconf 79' lang='lat' dir='ltr'>valcha-</span> 
     </span>
     <span class='ocr_line' id='line_1_34' title="bbox 368 3757 1507 3844; baseline -0.002 -18"><span class='ocrx_word' id='word_1_279' title='bbox 368 3762 438 3826; x_wconf 93' lang='lat' dir='ltr'>dini</span> <span class='ocrx_word' id='word_1_280' title='bbox 465 3762 569 3828; x_wconf 90' lang='lat' dir='ltr'>honae</span> <span class='ocrx_word' id='word_1_281' title='bbox 600 3762 749 3828; x_wconf 90' lang='lat' dir='ltr'>remediis</span> <span class='ocrx_word' id='word_1_282' title='bbox 777 3761 894 3825; x_wconf 88' lang='lat' dir='ltr'>talibus</span> <span class='ocrx_word' id='word_1_283' title='bbox 922 3762 1129 3844; x_wconf 88' lang='lat' dir='ltr'>recuperatae</span> <span class='ocrx_word' id='word_1_284' title='bbox 1157 3757 1407 3842; x_wconf 83' lang='lat' dir='ltr'>praeferendam</span> <span class='ocrx_word' id='word_1_285' title='bbox 1436 3778 1507 3824; x_wconf 59' lang='lat' dir='ltr'>eme</span> 
     </span>
     <span class='ocr_line' id='line_1_35' title="bbox 368 3861 1507 3939; baseline -0.004 -10"><span class='ocrx_word' id='word_1_286' title='bbox 368 3864 541 3930; x_wconf 88' lang='lat' dir='ltr'>contendit.</span> <span class='ocrx_word' id='word_1_287' title='bbox 561 3863 607 3928; x_wconf 84' lang='lat' dir='ltr'>Of.</span> <span class='ocrx_word' id='word_1_288' title='bbox 621 3865 761 3930; x_wconf 88' lang='lat' dir='ltr'>Senecae</span> <span class='ocrx_word' id='word_1_289' title='bbox 778 3863 888 3928; x_wconf 87' lang='lat' dir='ltr'>rerba:</span> <span class='ocrx_word' id='word_1_290' title='bbox 909 3863 1012 3928; x_wconf 80' lang='lat' dir='ltr'>‘Alter</span> <span class='ocrx_word' id='word_1_291' title='bbox 1029 3861 1249 3926; x_wconf 90' lang='lat' dir='ltr'>lenocinio</span> <span class='ocrx_word' id='word_1_292' title='bbox 1270 3861 1409 3939; x_wconf 72' lang='lat' dir='ltr'>curarit,</span> <span class='ocrx_word' id='word_1_293' title='bbox 1426 3862 1507 3926; x_wconf 89' lang='lat' dir='ltr'>alter</span> 
     </span>
     <span class='ocr_line' id='line_1_36' title="bbox 367 3963 1506 4051; baseline -0.004 -21"><span class='ocrx_word' id='word_1_294' title='bbox 367 3967 539 4051; x_wconf 87' lang='lat' dir='ltr'>parricidio</span> <span class='ocrx_word' id='word_1_295' title='bbox 555 3967 727 4032; x_wconf 86' lang='lat' dir='ltr'>convaluit.</span> <span class='ocrx_word' id='word_1_296' title='bbox 754 3967 862 4044; x_wconf 83' lang='lat' dir='ltr'>Quid?</span> <span class='ocrx_word' id='word_1_297' title='bbox 879 3967 940 4031; x_wconf 91' lang='lat' dir='ltr'>hoc</span> <span class='ocrx_word' id='word_1_298' title='bbox 959 3965 1194 4030; x_wconf 90' lang='lat' dir='ltr'>adulterium</span> <span class='ocrx_word' id='word_1_299' title='bbox 1213 3982 1279 4026; x_wconf 91' lang='lat' dir='ltr'>non</span> <span class='ocrx_word' id='word_1_300' title='bbox 1296 3965 1401 4047; x_wconf 85' lang='lat' dir='ltr'>putas,</span> <span class='ocrx_word' id='word_1_301' title='bbox 1419 3963 1506 4048; x_wconf 93' lang='lat' dir='ltr'>quod</span> 
     </span>
     <span class='ocr_line' id='line_1_37' title="bbox 366 4065 1505 4150; baseline -0.003 -18"><span class='ocrx_word' id='word_1_302' title='bbox 366 4073 480 4135; x_wconf 90' lang='lat' dir='ltr'>marito</span> <span class='ocrx_word' id='word_1_303' title='bbox 498 4071 688 4136; x_wconf 87' lang='lat' dir='ltr'>conciliante</span> <span class='ocrx_word' id='word_1_304' title='bbox 705 4069 934 4135; x_wconf 78' lang='lat' dir='ltr'>committitur?</span> <span class='ocrx_word' id='word_1_305' title='bbox 952 4119 958 4133; x_wconf 92' lang='lat'>.</span> <span class='ocrx_word' id='word_1_306' title='bbox 976 4119 982 4132; x_wconf 92' lang='lat'>.</span> <span class='ocrx_word' id='word_1_307' title='bbox 999 4119 1006 4132; x_wconf 90' lang='lat'>.</span> <span class='ocrx_word' id='word_1_308' title='bbox 1026 4068 1125 4133; x_wconf 90' lang='lat' dir='ltr'>Mori</span> <span class='ocrx_word' id='word_1_309' title='bbox 1139 4067 1248 4150; x_wconf 90' lang='lat' dir='ltr'>potius</span> <span class='ocrx_word' id='word_1_310' title='bbox 1266 4065 1383 4132; x_wconf 90' lang='lat' dir='ltr'>debuit</span> <span class='ocrx_word' id='word_1_311' title='bbox 1396 4067 1505 4137; x_wconf 77' lang='lat' dir='ltr'>irater,</span> 
     </span>
     <span class='ocr_line' id='line_1_38' title="bbox 366 4169 1503 4258; baseline -0.003 -22"><span class='ocrx_word' id='word_1_312' title='bbox 366 4191 463 4255; x_wconf 90' lang='lat' dir='ltr'>quam</span> <span class='ocrx_word' id='word_1_313' title='bbox 482 4175 611 4238; x_wconf 89' lang='lat' dir='ltr'>sanari</span> <span class='ocrx_word' id='word_1_314' title='bbox 629 4175 773 4258; x_wconf 86' lang='lat' dir='ltr'>turpiter.</span> <span class='ocrx_word' id='word_1_315' title='bbox 798 4223 804 4236; x_wconf 93' lang='lat'>.</span> <span class='ocrx_word' id='word_1_316' title='bbox 822 4221 853 4237; x_wconf 92' lang='lat'>..</span> <span class='ocrx_word' id='word_1_317' title='bbox 882 4171 1046 4249; x_wconf 82' lang='lat' dir='ltr'>Quaedam</span> <span class='ocrx_word' id='word_1_318' title='bbox 1064 4169 1236 4236; x_wconf 91' lang='lat' dir='ltr'>remedia</span> <span class='ocrx_word' id='word_1_319' title='bbox 1257 4171 1410 4254; x_wconf 84' lang='lat' dir='ltr'>graviora</span> <span class='ocrx_word' id='word_1_320' title='bbox 1426 4171 1503 4254; x_wconf 86' lang='lat' dir='ltr'>ipsis</span> 
     </span>
    </p>
   </div>
   <div class='ocr_carea' id='block_1_5' title="bbox 0 0 1628 4910">
    <p class='ocr_par' dir='ltr' id='par_1_5' title="bbox 0 0 1628 4910">
     <span class='ocr_line' id='line_1_39' title="bbox 0 0 1628 4910; baseline 0 7"><span class='ocrx_word' id='word_1_321' title='bbox 0 0 1628 4910; x_wconf 95' lang='lat' dir='ltr'> </span> 
     </span>
    </p>
   </div>
  </div>
 </body>
</html>
