3406 4786
200 355 343 425 Epistulae
353 355 509 411 amatoriae
519 354 659 424 quomodo
667 354 838 411 cohaereant
849 371 913 410 cum
926 355 1022 426 elegiis
1030 355 1236 411 Alexandrinis.
1265 349 1328 412 115

201 530 259 592 (οῦ
278 530 334 606 τήν
350 526 450 606 Δίκην
468 526 581 592 οὔποτ’
597 526 646 610 ἄν,
663 527 689 591 ὠ
710 527 848 609 φιλτάτη,
863 529 1044 611 παυεαίμην,
1062 532 1212 607 μηδαμῶε
1229 529 1329 607 αὐτὴν

201 631 244 696 εἰ(
259 632 409 709 τιμωρίαν
424 635 491 694 τῶν
507 631 735 710 ἡμαρτημένων
750 628 862 711 ἐλθεῖν,
878 629 958 694 ἀλλὰ
977 632 1027 693 καὶ
1046 631 1136 695 αὖθις
1156 630 1329 710 ἀδικούεηε,

202 735 230 799 εἴ
242 736 279 810 γέ
294 755 340 800 τοι
363 738 461 798 τοῦτο
485 735 588 815 φίλον,
605 734 765 813 ἀνέχετθαι
780 732 873 796 πάλιν
890 733 1141 811 καὶέυγγνώμην
1160 733 1330 812 ἀπονέμειν

200 845 237 921 τῇ
254 844 288 921 τῇ
304 839 487 918 πρέπουεαν
503 837 617 920 ἡλικίᾳ*
633 837 765 902 ἀνεκτὸν
779 835 841 915 γὰρ
857 834 925 914 ἐμοὶ
939 837 996 901 τὸν
1009 836 1085 915 ἐμὸν
1098 836 1202 915 ἔρωτα
1219 837 1329 916 φέρειν

202 942 250 1005 καὶ
279 943 319 1020 μή
348 961 381 1005 εε
409 941 571 1021 μοχθηρόν
598 962 627 1005 τι
653 943 850 1005 πεπονθυῖαν
877 937 967 1019 ὁρᾶν.
1007 939 1145 1004 Ultimos
1171 939 1329 1023 Propertii

166 1105 169 1111 .
202 1063 315 1109 versus
326 1045 433 1107 statim
446 1041 605 1125 excludet
620 1043 675 1125 qui
691 1041 762 1105 illos
778 1045 927 1106 accurate
939 1043 1119 1127 perlegerit
1144 1043 1207 1108 Per
1219 1043 1330 1108 oeulos

201 1166 277 1210 suus
292 1146 392 1209 fidem
409 1146 532 1210 iurasse
550 1145 721 1226 Cynthium
742 1148 865 1230 poeta1)
889 1148 998 1209 namet
1019 1146 1331 1229 imprudentiamque

202 1251 272 1314 eius
295 1250 463 1332 vituperat.
488 1248 605 1313 Contra
617 1249 841 1313 Aristaenetus
857 1267 915 1332 per
929 1248 1046 1313 faciem
1063 1255 1184 1315 amatae
1204 1250 1331 1335 puellae

201 1355 287 1417 iurat
305 1373 340 1418 se
358 1373 424 1417 non
443 1358 506 1416 tam
526 1352 635 1416 dolore
654 1353 777 1418 moveri
796 1372 892 1435 quam
911 1371 989 1416 cura
1008 1352 1086 1416 eius.
1121 1352 1210 1416 Nihil
1232 1354 1332 1436 igitur

201 1458 286 1521 inter
308 1457 388 1521 haec
412 1475 582 1520 commune
607 1460 665 1522 est.
1118 1539 1120 1545 y

292 1557 417 1622 Mediae
442 1578 570 1641 quoque
594 1564 700 1642 partes
723 1560 822 1640 (muta
843 1558 931 1641 prius
955 1561 1044 1622 vasto
1068 1562 1136 1641 ete,
1159 1561 1330 1639 τοιγαροῦν

202 1683 228 1725 κ.
238 1682 264 1725 τ.
275 1660 310 1739 t.)
326 1645 502 1725 affectuum
514 1662 616 1744 magis
629 1681 724 1743 quam
737 1662 968 1726 sententiarum
985 1661 1225 1742 continenturl)
1244 1662 1331 1743 simi-

200 1762 354 1840 litudine;
374 1784 447 1827 nam
465 1783 559 1828 suum
575 1784 714 1829 amorem
732 1764 822 1829 nulle
836 1764 973 1849 pertidia
990 1765 1106 1828 mutari
1124 1784 1218 1847 posse
1238 1772 1331 1853 poeta

202 1865 359 1949 adfirmat,
368 1867 642 1951 epistolographus
653 1867 784 1932 ἀνεκτὸν
793 1868 854 1947 γὰρ
863 1868 940 1950 ἐμοί,
949 1855 1129 1949 inquitrdv
1140 1866 1217 1944 ἐμὸν
1228 1867 1332 1946 ἔρωτα

203 1970 311 2049 φέρειν
336 1968 388 2054 (of.
406 1969 566 2034 Theocriti
585 1970 632 2034 Id.
648 1971 680 2034 II
705 1971 784 2035 164:
810 1972 872 2046 ἐγὼ
898 1970 927 2034 δ’
950 1971 1024 2035 οίεῶ
1046 1972 1116 2035 τὸν
1130 1969 1206 2048 ἐμὸν
1225 1970 1330 2034 πόθον

203 2071 309 2150 ὥεπερ
333 2072 487 2153 ὑπέεταν).
512 2073 625 2138 Cetera
648 2073 756 2136 omnia
779 2073 872 2157 plane
896 2071 1071 2154 dissimilia,
1095 2072 1175 2161 haec
1194 2091 1257 2136 non
1277 2070 1332 2136 ad·

203 2175 333 2240 modum
357 2176 475 2240 similia
499 2176 629 2241 dixeris,

291 2282 425 2347 Restant
440 2279 540 2363 igitur
557 2281 650 2343 initia
673 2279 724 2344 vel
739 2280 846 2363 potius
865 2277 949 2362 apud
968 2281 1143 2361 utrumque
1161 2280 1262 2344 restet
1276 2277 1332 2343 de-

201 2386 332 2469 scriptio
356 2384 501 2465 affectus,
530 2403 592 2465 quo
616 2388 739 2447 amator
760 2383 867 2446 laesus
890 2384 986 2464 atque
1010 2383 1152 2466 periurio
1177 2380 1330 2466 deceptus

201 2490 307 2553 tumen
331 2508 395 2552 non
419 2486 581 2568 irascitur,
606 2487 662 2552 sed
686 2486 726 2551 de
750 2492 872 2551 amatae
896 2488 1021 2550 tantum
1044 2485 1147 2550 salute
1171 2486 1331 2550 sollicitus

202 2594 258 2656 cst
282 2591 375 2655 Hanc
398 2593 506 2654 autem
527 2590 775 2674 descriptionem
799 2591 883 2653 vitae
906 2589 1008 2673 magis
1032 2610 1128 2672 quam
1152 2592 1239 2654 certo
1264 2590 1331 2654 cui-

202 2692 275 2756 dam
292 2693 375 2756 fonti
398 2692 508 2757 deberi
532 2693 683 2776 equidem
708 2714 749 2758 ex
771 2692 888 2757 Tibulli
907 2692 924 2755 Ι
941 2694 970 2774 9,
989 2695 1074 2756 1-6
1098 2693 1246 2757 versibus
1267 2693 1332 2757 col-

201 2795 274 2879 ligo,
299 2815 437 2878 quorum
461 2796 638 2861 similitudo
663 2817 737 2861 eum
757 2796 953 2860 Aristaeneti
978 2796 1115 2880 epistula
1132 2796 1205 2859 119
1231 2796 1330 2859 multo

203 2899 305 2962 maior
321 2904 369 2963 est
384 2920 481 2982 quam
497 2899 657 2983 Propertii
673 2900 688 2963 Ι
703 2902 753 2981 15,
767 2901 808 2962 25
820 2919 887 2982 sqq.
908 2899 955 2962 Cf.
971 2899 1131 2963 Tibullum
1149 2899 1164 2963 I
1181 2902 1210 2982 9,
1228 2901 1330 2963 1-6:

294 3083 312 3151 ¹)
332 3080 469 3137 Conferas
490 3083 575 3138 etiam
594 3082 685 3138 Ovidii
705 3084 838 3137 Amorum
856 3083 891 3136 111
904 3082 930 3149 3,
946 3083 969 3136 1.
984 3083 1009 3135 2.
1022 3083 1048 3135 9.
1063 3082 1111 3136 10:

416 3181 484 3236 Esse
503 3181 572 3236 deos
591 3182 637 3237 hic
656 3182 755 3238 crede:
775 3182 859 3237 sidem
878 3182 972 3237 iurata
990 3181 1098 3250 fefellit,

471 3265 504 3319 Et
523 3265 611 3320 iacies
630 3267 679 3337 illi,
699 3284 771 3336 quae
791 3267 843 3321 tuit
862 3271 937 3332 ante,
956 3267 1066 3321 manet!

633 3393 680 3406 ...
700 3352 813 3407 radiant
831 3355 863 3407 ut
881 3352 959 3407 sidus
978 3351 1069 3420 ocelli,

472 3435 525 3490 Per
544 3451 615 3505 quos
634 3437 779 3491 mentitast
798 3437 904 3506 perfida
922 3452 1009 3506 saepe
1028 3436 1105 3490 mihi.

293 3542 313 3606 ’λ
332 3538 460 3593 lacobius
472 3539 609 3608 (Berliner
621 3540 1175 3610 PhilologischeWochenschriit1905p.
1189 3539 1276 3607 1214),
1286 3540 1333 3608 qui

201 3629 308 3698 etipse
328 3629 380 3683 hos
406 3629 484 3703 locos
511 3645 666 3698 congruere
689 3635 782 3700 negat,
808 3630 986 3685 Aristaeneto
1011 3629 1121 3685 Acontii
1141 3634 1169 3684 et
1187 3629 1332 3699 Cydippae

201 3720 326 3774 fabulam
350 3723 416 3773 ante
435 3720 533 3774 oculos
556 3724 700 3774 versatam
722 3725 818 3789 putat;
842 3721 951 3775 confert
975 3720 1050 3774 enim
1076 3720 1139 3774 110
1162 3719 1333 3774 Aristaeneti

201 3808 435 3879 (Epistolographi
449 3810 549 3865 Graeci
564 3809 867 3879 p.141ed.Hercher):
884 3796 1028 3877 Κυδίππη,
1045 3810 1133 3877 καλήν
1147 3825 1174 3863 τε
1189 3808 1235 3862 καί
1251 3810 1333 3876 εὔορ-

200 3917 251 3952 κον
270 3898 379 3964 ὁμοίω(
398 3899 544 3967 προεείπω
564 3900 644 3967 ταχύ,
665 3901 736 3967 μηδέ
751 3897 882 3966 Ἀρτεμιε
901 3900 946 3953 ἐπὶ
965 3902 992 3954 τὲ
1016 3903 1148 3954 ποιναῖον
1171 3901 1250 3975 βέλοε
1269 3899 1331 3968 ἀφῇ

201 3989 246 4044 καὶ
265 3990 349 4058 ἀνέλῃ
362 4005 368 4017 ·
381 3993 457 4055 μενεῖ
475 3992 506 4043 δέ
524 3993 558 4043 τὸ
574 3993 661 4056 πῶμα
679 3989 884 4057 προεκείμενον
903 3996 938 4059 τῇ
960 3991 1092 4058 φαρέτρη
1110 4007 1133 4043 κ.
1144 4007 1168 4043 τ.
1181 3991 1201 4043 t.
1231 3988 1287 4043 Sed
1305 3994 1334 4044 et

200 4080 396 4135 Aristaenetus
421 4085 449 4135 et
472 4081 633 4149 Propertius
659 4097 677 4135 a
702 4080 829 4150 puellis
855 4080 993 4148 decepti
1020 4080 1135 4148 timent,
1160 4096 1196 4134 ne
1223 4079 1333 4134 illarum

202 4169 325 4240 periuria
344 4163 391 4224 dei
408 4170 595 4238 ulciscantur;
614 4172 668 4224 hoc
684 4170 828 4240 premitur,
848 4170 901 4225 hoc
921 4173 1019 4224 contra
1037 4169 1112 4239 vulgi
1132 4170 1185 4224 erit
1204 4174 1334 4239 expecta-

203 4260 317 4316 tionem.
329 4260 433 4316 Contra
442 4260 580 4316 Acontius
589 4260 650 4331 ipse
661 4260 808 4331 Cydippen
819 4260 936 4316 invitam
950 4258 987 4315 ad
1001 4258 1154 4329 periurium
1166 4261 1334 4330 perlexeret.

1190 4369 1223 4422 8⁸
