3248 4910
371 323 436 388 106
799 329 835 384 Μ.
853 329 1076 398 Heinamann,

370 521 447 566 vum
466 501 545 566 illud
566 503 653 566 certe
672 506 704 566 et
722 499 973 566 subridiculum:
993 501 1131 568 Tiresias
1149 523 1167 566 a
1185 501 1262 567 Iove
1280 502 1316 565 in
1331 501 1498 586 pulchram

371 605 511 690 puellam
534 622 718 687 conversus
747 602 826 666 dum
848 605 893 686 (in
917 602 998 667 mari
1006 604 1033 684 l)
1059 602 1193 684 lavatur,
1217 623 1236 666 a
1259 601 1402 686 Glyphio
1427 621 1500 668 con-

371 709 515 792 spicitur,
535 707 600 770 vim
619 706 751 771 exeunti
770 707 832 771 sibi
848 707 1039 772 inferentem
1058 712 1153 772 necat
1168 707 1219 788 (ct.
1235 725 1281 790 aa,
1301 726 1386 790 quae
1406 725 1501 790 supra

371 811 581 895 exposuimus
592 829 621 893 p.
634 809 697 874 102
706 811 793 892 squ),
805 829 882 874 mox
893 828 1006 874 rursus
1018 810 1053 873 in
1065 811 1172 874 virum
1182 809 1353 874 restitutus
1366 809 1500 880 dicitnr:

372 915 413 979 ci.
429 934 459 998 p.
477 914 573 996 1665,
590 915 630 978 57
643 931 726 996 sqq.:
756 915 918 991 δειπνῆιαι
941 913 977 996 (Τ
977 913 1118 996 specius)
1145 911 1181 976 ἐν
1203 917 1272 979 roic
1296 913 1431 978 Θέτιδος
1455 917 1502 976 καὶ

372 1018 507 1097 Πηλέως
522 1018 662 1095 γάμοις.
687 1015 765 1081 ἔνθα
780 1015 876 1096 ἐρίιαι
892 1017 962 1094 περὶ
978 1015 1112 1080 κάλλους
1125 1017 1183 1093 τήν
1199 1036 1233 1080 τε
1247 1017 1440 1096 Ἀφροδίτην
1455 1015 1503 1079 καὶ

372 1123 428 1186 τὰ(
452 1121 594 1202 Χάριτας,
618 1117 666 1184 uic
691 1117 834 1197 ὀνόματα
852 1118 999 1199 Παιιθέη,
1024 1119 1109 1196 Καλὴ
1134 1121 1183 1183 καὶ
1207 1119 1410 1199 Εὐφροεύνη.
1447 1119 1502 1181 τὸν

374 1226 410 1289 δὲ
425 1224 592 1288 δικάιαντα
606 1225 706 1302 κρῖναι
720 1223 818 1300 καλήν
829 1223 888 1300 τὴν
904 1221 1017 1302 Καλήν,
1032 1221 1071 1299 ἣν
1086 1223 1136 1284 καὶ
1147 1225 1241 1300 γῆμαι
1255 1220 1503 1301 adal-immersa,

371 1325 464 1391 Tales
490 1324 608 1408 ubique
627 1323 907 1406 circumferuntur,
927 1323 1180 1407 confunduntur,
1198 1325 1378 1388 miscentur
1396 1343 1504 1387 narra·

374 1427 553 1506 tiunculae3
572 1446 678 1510 neque
697 1427 823 1508 mirum,
843 1425 931 1509 quod
948 1426 1113 1510 Alciphro,
1132 1427 1189 1509 qui
1207 1425 1361 1490 lascivam
1380 1429 1504 1490 tantum

374 1531 622 1615 descriptionem
634 1531 769 1614 quaerit,
785 1547 855 1594 eam
867 1529 982 1595 leritcr
995 1529 1195 1593 immutatam
1206 1530 1241 1593 in
1254 1527 1504 1613 descriptionem

374 1634 518 1700 convivii
536 1633 712 1698 meretricii
730 1633 853 1717 recipit
884 1632 948 1698 Sed
967 1653 986 1697 a
1004 1631 1170 1698 comoedia
1188 1651 1262 1696 eum
1279 1631 1424 1716 pendere
1441 1636 1503 1697 tam

377 1735 591 1818 confidenter,
624 1753 721 1818 quam
749 1735 829 1799 iecit
857 1733 1003 1800 Koclrius
1033 1733 1248 1818 (comicorum
1278 1738 1345 1800 Am
1360 1735 1442 1820 trag.
1457 1735 1503 1799 11]

375 1861 406 1924 p.
424 1839 509 1921 674),
532 1837 666 1902 minime
690 1837 918 1903 contenderim.

466 1943 517 2007 Ex
540 1943 590 2024 iis,
619 1960 701 2024 quae
730 1941 770 2006 de
795 1941 993 2025 cognatione,
1022 1960 1104 2025 quae
1133 1941 1306 2006 intercedit
1331 1943 1420 2007 inter
1443 1943 1505 2026 cpi·

377 2050 554 2130 grammata
580 2046 613 2109 et
636 2043 788 2128 epistulas
812 2044 989 2127 amatorias,
1017 2043 1237 2126 disseruimus
1266 2043 1421 2109 concludi
1443 2065 1504 2108 non

377 2153 482 2232 potest
503 2147 542 2212 ab
562 2145 795 2230 Alexandrinis
813 2146 941 2231 elegias,
964 2167 1101 2230 quarum
1123 2149 1237 2230 poetae
1261 2146 1301 2211 de
1320 2166 1381 2212 sno
1401 2167 1505 2212 amore

377 2253 521 2336 egerunt,
544 2251 680 2334 scriptas
703 2267 781 2314 csse.

907 2402 925 2484 ξ
950 2403 979 2466 3.

468 2519 549 2584 Cum
566 2518 785 2584 Gollnischius
802 2519 862 2583 hac
879 2519 913 2581 in
929 2537 964 2583 re
980 2539 1000 2582 a
1018 2518 1134 2583 ceteris
1150 2518 1228 2583 viris
1247 2516 1352 2583 doctis
1370 2517 1504 2594 recedat,

379 2623 466 2706 quod
480 2624 549 2707 ipse
565 2641 671 2706 neque
691 2623 926 2706 epigrammatis
944 2639 1051 2704 neque
1067 2621 1250 2686 comoediae
1266 2621 1335 2685 lere
1351 2622 1506 2685 rationem

379 2728 475 2794 habet
502 2730 535 2793 et
561 2727 645 2791 solas
673 2723 825 2809 epistulas
853 2743 928 2788 cum
955 2723 1173 2788 Romanorum
1200 2729 1369 2806 poetarum
1398 2721 1506 2807 elegiis
1605 2707 1606 2732 ¹

380 2830 517 2912 confert,
542 2848 595 2894 eas
619 2827 781 2913 epistulas,
805 2846 822 2892 e
847 2826 965 2910 qmbus
988 2825 1043 2890 ille
1066 2825 1186 2909 elegias
1208 2824 1506 2891 Alexandrinorum

379 2935 551 2998 restituere
569 2950 664 3016 posse
687 2929 751 2994 sibi
768 2927 904 3011 videtur,
928 2927 989 2992 hac
1012 2927 1282 3012 comprehendam
1300 2928 1506 3012 paragrapho.
1605 2901 1606 2944 l

380 3037 483 3121 Supra
497 3041 605 3100 autem
621 3034 770 3116 vidimus
789 3053 853 3116 quo
868 3033 903 3096 in
920 3052 1029 3098 errore
1044 3035 1096 3096 vir
1111 3032 1225 3099 doctus
1242 3040 1399 3100 versetur.
1429 3035 1506 3099 Cum
1605 3065 1606 3068 ι

379 3140 496 3204 rationi
508 3135 708 3223 respondeat,
723 3141 761 3202 ut
777 3138 889 3204 eadem
901 3139 1037 3222 epistula
1053 3158 1128 3204 curn
1141 3139 1252 3204 eadem
1268 3139 1507 3225 camperelegio

380 3243 572 3326 conferatur,
589 3262 607 3308 e
622 3243 733 3308 multis
749 3243 903 3328 epistulis,
924 3263 1060 3326 quarum
1077 3249 1266 3327 argumenta
1281 3242 1411 3309 diversa
1426 3247 1508 3315 sunt.

381 3347 525 3430 singulas
554 3345 677 3430 colligit
699 3347 874 3412 sententias
902 3345 1052 3411 admixtis
1076 3347 1181 3429 etiam,
1210 3366 1292 3430 quae
1321 3347 1409 3433 apud
1431 3347 1508 3412 alios

381 3449 553 3532 scriptores
571 3449 733 3533 leguntur,
757 3469 862 3532 neque
881 3451 945 3513 tam
964 3454 1226 3530 argumentorum
1250 3469 1347 3532 quam
1365 3449 1510 3516 locorum

382 3551 602 3617 communium
621 3550 832 3618 similitudine
850 3553 1040 3638 plerumque
1058 3555 1180 3617 nititur.
1208 3553 1321 3636 Itaque
1340 3552 1368 3616 si
1391 3550 1434 3616 ad
1451 3551 1511 3616 La-

381 3655 485 3718 tinum
509 3673 636 3719 carmen
657 3654 855 3720 Graecorum
871 3655 959 3720 locos
979 3655 1160 3738 complures
1178 3655 1296 3720 afferre
1315 3655 1430 3738 potuit,
1453 3655 1511 3717 hos

382 3775 495 3822 rursus
523 3777 588 3822 uno
619 3777 661 3822 ex
690 3758 840 3842 carmine,
869 3759 972 3842 elegia
995 3758 1119 3823 scilicet
1140 3756 1372 3840 Alexandrina,
1395 3757 1511 3841 petitos

383 3858 468 3926 dicit

473 3963 600 4046 Agmen
624 3961 721 4027 ducat
742 3963 861 4028 Tibulli
884 3963 987 4047 elegia
1009 3963 1071 4046 18,
1099 3982 1195 4046 quam
1218 3981 1292 4027 cum
1316 3961 1511 4028 Αιιιλιθιιθλί

384 4065 523 4148 epistula
540 4065 573 4129 11
591 4068 608 4130 1
630 4065 809 4131 contulerat
826 4067 891 4130 iarn
909 4065 1093 4131 Fridericus
1111 4064 1306 4146 wilhelm),
1325 4065 1422 4129 cuius
1441 4083 1513 4129 sen·

477 4225 497 4295 ¹)
515 4225 676 4296 Philologus
695 4225 731 4281 60
747 4225 839 4294 (1901)
856 4241 881 4296 p.
895 4225 956 4281 cel.
