2918 4814
242 119 285 181 98
666 122 762 177 Josef
778 123 949 191 Alhertus,

240 297 318 381 gibt,
341 297 440 360 daran
463 296 622 378 ankniipft
645 295 713 359 und
737 295 939 359 unmerklieh
963 294 1051 358 denn
1073 315 1133 358 zur
1154 296 1405 380 Prosopepoie

239 401 346 483 greift>
369 401 459 464 seine
481 397 612 463 Redner
634 398 686 463 die
710 400 826 463 δέοντα
854 417 952 479 sagen
978 398 1059 480 lesst,
1082 418 1178 463 πειτα
1205 400 1268 462 ihm
1291 399 1411 464 sein

239 502 493 568 kiinstlerischer
521 502 649 583 Zweek,
679 501 778 585 grosse
808 501 875 565 und
903 502 1053 584 typisehe
1082 501 1272 567 Charaktere
1295 498 1410 566 uad

240 607 441 672 Situetienen
464 626 506 670 zu
529 605 706 686 schildern,
736 605 805 668 dies
829 604 977 687 gebietet.
1018 604 1093 668 Und
1117 606 1207 669 seine
1230 608 1286 670 Art
1305 605 1414 668 der

239 710 457 793 Prosopopoie
472 709 528 772 hat
544 727 605 772 uns
616 706 823 790 Thukydides
839 708 873 770 in
887 709 985 790 J'enen
1001 707 1066 771 viel
1080 708 1413 794 zitiertenworten

238 813 384 897 gegeben
396 816 434 892 ¹):
458 812 484 895 Ι,
504 813 545 875 22
572 813 626 876 Καὶ
649 810 707 876 όςα
729 815 786 890 μὲν
804 811 891 894 λόγῳ
912 807 1003 876 εἷπον
1022 813 1146 875 ἕκαςτοι
1164 813 1184 889 ἢ
1203 816 1416 891 μέλλοντες

238 919 430 996 πολεμήςειν
453 917 473 993 ἢ
492 918 529 980 ἐν
548 915 633 999 αὐτῷ
654 917 715 993 ἢδη
736 914 833 996 ὄντες,
859 918 998 993 χαλεπὸν
1016 916 1076 991 τήν
1096 915 1252 995 ἀκρίβειαν
1270 916 1416 991 αύτήν

237 1024 304 1084 τῶν
331 1022 509 1099 λεχθέντων
537 1021 802 1097 διαμνημονεύςαι
830 1019 868 1097 ἠν
897 1019 966 1095 ἐμοί
993 1039 1026 1083 τε
1055 1017 1103 1083 ὼν
1132 1019 1229 1084 αὐτὸς
1251 1020 1418 1096 ἢκουεςι

238 1124 289 1185 καὶ
310 1126 376 1187 τοῖς
400 1121 540 1186 ἄλλοθέν
563 1127 664 1185 ποθεν
684 1122 754 1198 ἐμοὶ
773 1120 1036 1197 ἀπαγγέλλουςιν·
1061 1122 1107 1186 ὡς
1127 1121 1157 1184 δ’
1174 1121 1214 1186 ἂν
1233 1122 1416 1186 ἐδόκουν

238 1224 307 1302 ἐμοὶ
334 1224 456 1289 ἕκαςτοι
479 1226 549 1303 περὶ
572 1228 638 1287 τῶν
663 1224 709 1288 άεὶ
733 1223 906 1302 παρόντων
929 1224 968 1286 τά
992 1225 1106 1288 δέοντα
1130 1224 1249 1303 μάλιςτ’
1266 1225 1416 1301 εἰπεῖν,

238 1327 379 1410 ἐχομένῳ
397 1327 444 1391 ότι
462 1326 612 1403 ἐγγύτατα
627 1330 684 1404 τῆς
701 1326 863 1404 ξυμπάςης
878 1326 1006 1405 γνώμη(
1021 1331 1087 1391 τῶν
1101 1327 1229 1406 άληθῶς
1243 1329 1416 1407 λεχθέν-

236 1452 312 1513 των,
337 1431 442 1496 οὕτως
466 1431 652 1509 εἴρηται...
677 1429 776 1508 κτῆμά
799 1450 832 1494 τε
857 1430 889 1494 ἐς
909 1429 956 1493 άεὶ
975 1433 1098 1507 μᾶλλον
1119 1430 1137 1506 ἢ
1158 1430 1315 1508 άγώνιςμα
1351 1430 1414 1491 ἐ(

236 1534 274 1597 τὸ
292 1537 483 1613 παραχρῆμα
499 1532 624 1597 ἀκούειν
640 1534 800 1608 ξύγκειται.
838 1531 934 1596 Denn
952 1532 1153 1597 προπάτορα
1171 1531 1414 1597 charakteri-

237 1637 371 1719 sierung
386 1633 488 1700 durch
512 1635 568 1699 das
584 1635 690 1699 Mittel
706 1635 763 1699 der
778 1635 994 1718 Prosopopoie
1009 1635 1091 1699 auch
1108 1636 1164 1698 fiir
1180 1635 1240 1700 elle
1259 1637 1411 1701 Reden

238 1738 294 1802 des
306 1739 513 1821 Thukydides
529 1738 596 1822 gil&
612 1758 648 1802 so
661 1738 744 1802 doeh
757 1740 791 1801 in
805 1739 1095 1822 hervorragendem
1108 1738 1204 1804 Μαάθ
1214 1741 1270 1802 fiir
1279 1741 1412 1804 seino

236 1841 331 1905 zwelf
357 1844 591 1921 παρακλητικοί.
627 1841 702 1905 Und
729 1862 814 1905 πνοι
833 1841 907 1904 sind
930 1861 964 1905 es
983 1842 1074 1904 nicht
1097 1845 1206 1924 θέςεις,
1229 1843 1410 1906 sondern

224 1934 439 2026 ‘bnoeecaffe
464 1943 492 2008 d.
506 1945 535 2007 h.
559 1943 672 2009 Reden
692 1945 737 2007 im
760 1943 882 2008 Munde
905 1945 1102 2008 bestimmter
1117 1945 1283 2009 Personen
1302 1934 1410 2008 und

235 2049 332 2111 unter
349 2046 552 2111 bestimmten
573 2047 784 2111 Situetionen.
817 2047 931 2131 Bringt
948 2048 980 2129 ja
999 2045 1081 2112 doch
1098 2049 1182 2112 auch
1197 2049 1306 2113 Theon
1330 2041 1409 2108 als

235 2149 398 2233 Beispiele
422 2149 479 2213 der
502 2150 719 2234 Prosopopoie
741 2148 1023 2215 Feldherrnreden
1046 2152 1106 2214 mit
1123 2151 1409 2216 unbestimmter

237 2253 303 2316 und
323 2252 522 2317 bestimmter
540 2253 713 2331 Situation3
740 2254 801 2337 vgl.
820 2255 879 2318 Rh.
898 2254 950 2317 Gr.
973 2253 1006 2318 H
1028 2256 1091 2317 115
1110 2255 1161 2339 Sp.
1178 2256 1206 2338 (I
1223 2258 1287 2320 235
1304 2245 1407 2319 W·)

234 2355 485 2434 Προςωποποιία
502 2355 563 2421 ἐςτί
578 2361 754 2436 προςώπου
767 2360 997 2438 παρειςαγωγή,
1015 2361 1233 2437 διατιθεμένου
1250 2361 1403 2435 λόγου(

235 2460 368 2523 οἰκείους
392 2460 495 2543 ἑαυτῷ
518 2481 552 2524 τε
576 2461 713 2525 καὶτοῖς
736 2459 952 2537 ὑποκειμένοις
976 2459 1151 2539 πράγμαςιν
1176 2460 1406 2543 ἀναμφιςβη·

233 2564 350 2639 τήτως·
380 2560 449 2626 οἷον
472 2564 558 2626 τίνας
582 2562 622 2626 ἂν
646 2563 728 2628 εἴποι
751 2563 871 2638 λόγους
887 2613 894 2626 .
911 2613 918 2626 .
935 2614 942 2627 .
959 2565 978 2642 ἢ
998 2565 1169 2643 ςτρατηγὸς
1193 2570 1260 2631 τοῖς
1278 2572 1404 2640 erpa·

233 2669 375 2729 τιιύταις.
389 2714 416 2728 ..
433 2666 482 2729 ἐπὶ
493 2667 569 2730 τοὺς
582 2668 760 2730 κινδύνους.
786 2668 835 2729 καὶ
849 2666 898 2730 ἐπὶ
914 2667 1100 2745 ὼριςμένων
1114 2671 1150 2731 δέ
1166 2671 1404 2746 προςώπων·

234 2767 305 2833 οἷον
328 2770 412 2833 τίνας
436 2767 476 2832 ἂν
501 2768 583 2833 εἴποι
607 2769 726 2843 λόγους
750 2769 853 2847 Κύρος
873 2768 1020 2833 ἐλαύνων
1040 2770 1090 2833 ἐπὶ
1114 2770 1348 2847 Μαςςαγέτας,
1388 2751 1404 2825 ἦ

233 2890 320 2935 τινας
332 2871 430 2936 Δάτις
447 2872 522 2949 μετὰ
536 2872 595 2949 τὴν
611 2873 647 2935 ἐν
659 2871 834 2951 Μαραθῶνι
851 2872 953 2951 μάχην
969 2872 1170 2950 ἐντυγχάνων
1186 2879 1231 2956 τῷ
1245 2856 1405 2954 βαςιλίὲι

324 2973 365 3038 So
383 2973 486 3056 ergibt
505 2973 574 3038 sich
595 2975 652 3038 der
670 2974 869 3039 literarische
890 2975 1066 3038 Cherekter
1088 2974 1157 3038 und
1176 2976 1292 3042 Zweek
1316 2967 1406 3033 des

233 3078 466 3156 παρακλητικός
484 3078 584 3141 sehon
601 3078 653 3141 bei
668 3077 884 3160 ThukydideS,
904 3078 1027 3142 seinem
1042 3077 1237 3161 Begriinder
1252 3080 1298 3145 als
1327 3061 1409 3133 (³5⁰

233 3178 448 3263 Prosopopoie
477 3180 534 3245 des
562 3181 614 3244 die
644 3179 795 3245 Soldaten
824 3180 1076 3245 ermunternden
1104 3182 1284 3248 Feldherrn
1317 3178 1410 3235 (οῑ

327 3319 345 3385 ¹)
365 3316 425 3370 Dass
451 3317 495 3371 die
515 3317 706 3386 Prosopopoie
729 3318 936 3386 vorzugsweise
962 3317 1026 3371 dem
1052 3306 1414 3374 Gesehiehtsschreiffl‘

232 3398 333 3469 eignet,
350 3400 400 3455 hat
417 3400 514 3456 Theon
532 3404 775 3471 ausgesprochen:
789 3404 840 3458 Rh.
855 3402 899 3458 Gr.
910 3402 933 3456 11
946 3403 982 3457 60
994 3403 1039 3471 Sp.
1050 3403 1072 3473 (Ι
1083 3404 1137 3458 148
1146 3405 1199 3474 W.)
1216 3406 1234 3471 ἡ
1253 3393 1415 3471 προίω·

232 3485 352 3540 ποποιία
372 3489 403 3540 δέ
416 3487 449 3540 ού
472 3489 561 3552 μόνον
575 3480 716 3555 ἱςτορικὸν
734 3489 883 3555 γύμναςμά
903 3489 983 3553 ἐςτιν,
1003 3489 1075 3542 ἀλλὰ
1093 3490 1138 3543 καὶ
1153 3492 1318 3558 ῥητορικόν
1344 3460 1416 3525 ‘⁰¹

232 3572 394 3635 διαλογικὸν
413 3572 458 3625 καί
477 3573 634 3638 ποιητικόν.

323 3657 344 3725 ι)
363 3657 416 3710 ιιι.
432 3656 477 3711 er.
488 3657 511 3711 11
525 3657 558 3711 61
578 3656 867 3728 sp.(1149w.)nep1
885 3663 916 3714 οι
932 3663 984 3726 τοι
1003 3661 1107 3716 οπεος
1119 3661 1145 3716 τι
1164 3663 1199 3716 ον
1215 3678 1258 3715 τι(
1271 3649 1413 3715 ιετσῑῐ

233 3740 317 3794 αύδέν
326 3743 380 3808 γάρ
395 3743 463 3795 ἄλλο
476 3745 527 3808 τῆς
539 3743 703 3797 ύποθέςεως
716 3745 855 3810 διαφέρει,
870 3746 944 3812 πλὴν
958 3746 1002 3799 ότι
1015 3746 1183 3813 προςςύπων
1196 3733 1413 3813 ὼριςμένυόν

232 3825 276 3879 καλ
284 3827 375 3880 τόπου
386 3827 430 3881 καλ
441 3828 549 3895 χρόνου
560 3829 604 3882 καλ
614 3831 727 3896 τρόπου
738 3829 782 3883 καὶ
793 3829 881 3884 αἰτίας
892 3830 965 3884 έετίν
976 3831 1195 3898 άπαρέμφατον.
1216 3828 1279 3884 οἷον
1291 3817 1408 3879 06⁶¹(

233 3910 292 3977 μέν,
308 3910 332 3965 εἰ
345 3913 480 3979 προςήκει
493 3917 749 3981 πολιορκουμένοις
762 3916 922 3982 ςτράτευμα
934 3916 1055 3981 πέμπειν
1069 3915 1108 3970 εἰς
1119 3917 1173 3983 τήν
1185 3901 1404 3982 ύπερορίαὛ’

230 3995 361 4051 ύπόθεςις
373 3999 405 4051 δέ
418 3998 441 4052 εἰ
460 3998 614 4066 Ἀθηναίοις
627 4001 763 4067 προςήκει
777 4001 1033 4067 πολιορκουμένοις
1046 4002 1104 4055 ύπό
1118 3989 1395 4066 Πελοποννιιιίῐῑέυν

231 4079 270 4134 εἰς
290 4083 415 4136 Σικελίαν
435 4083 594 4149 ςτράτευμα
612 4085 744 4150 πέμπειν.
