3248 4910
366 387 408 450 38
439 452 441 458 ,
791 394 826 448 M.
845 394 1071 462 Heinemann,

364 564 599 630 recentioribus
617 565 899 649 componebantur.
923 568 968 629 At
983 564 1108 630 Dellius
1124 583 1242 649 corpus
1261 561 1412 647 aliquod
1432 582 1507 626 ama-

364 669 519 733 toriarum
533 669 752 733 narrationum
764 669 950 753 Cleopatrae
963 670 1058 750 misit,
1072 669 1111 732 ct.
1123 667 1265 733 Senecae
1278 667 1508 731 suasoriarum

364 770 427 835 Il:
445 771 508 836 ‘hic
524 771 716 850 estDelliuS,
733 773 827 837 cuius
844 772 1036 856 epistulae
1055 769 1096 836 ad
1109 770 1313 854 Cleopatram
1335 770 1509 834 lascivae

364 873 532 939 teruntur’.
550 874 751 958 Quamquam
766 874 874 939 nullae
889 875 1053 957 reliquiae,
1067 893 1084 938 e
1097 873 1214 957 quibus
1227 874 1389 957 intellegi
1403 879 1511 956 potest,

365 977 468 1060 qualis
499 980 614 1042 natura
641 978 769 1042 illarum
796 978 905 1060 luerit,
933 977 1026 1042 nobis
1054 980 1174 1058 extant,
1202 983 1315 1042 mmen
1350 975 1398 1058 id,
1429 973 1511 1058 quod

364 1079 503 1144 Adolius
527 1079 691 1164 Kiessling
701 1082 724 1161 ¹)
748 1079 787 1144 de
810 1081 851 1144 iis
874 1079 1003 1162 iudicet,
1022 1080 1222 1145 reiciendum
1243 1099 1321 1145 esse
1344 1081 1441 1163 putu,
1460 1077 1511 1159 qui

365 1182 444 1246 dicit
467 1181 607 1247 Dellium
626 1184 662 1246 in
681 1183 827 1267 epistulis
848 1183 1048 1267 Cleopatram
1069 1183 1208 1267 maligue
1226 1184 1381 1247 irrisisse
1390 1184 1426 1264 ²).
1454 1180 1510 1244 Cui
1592 1227 1593 1246 ι

364 1288 533 1370 propterea
564 1305 628 1350 non
661 1287 826 1368 assentior,
860 1285 946 1369 quod
979 1287 1132 1370 epistulas
1161 1287 1301 1351 lascivas
1340 1285 1510 1350 amatoriis

363 1407 456 1472 pares
469 1407 539 1452 esse
551 1388 630 1451 mihi
642 1407 833 1472 persuasum
844 1392 907 1468 cst3
922 1409 994 1453 nam
1006 1390 1162 1473 epistulae
1174 1390 1356 1454 amatoriae
1368 1405 1510 1471 quoqne,

365 1510 444 1573 quas
455 1489 618 1556 Diotimus
631 1490 772 1575 Epicuro
789 1491 911 1572 tribuit,
927 1513 946 1556 a
961 1491 1107 1577 Diogene
1122 1491 1249 1557 Laertio
1264 1491 1299 1556 X
1315 1494 1339 1557 3
1361 1492 1510 1568 ἀςελγεῑς,

364 1594 398 1657 id
427 1599 476 1658 est
505 1593 675 1677 ‘lascivae',
704 1595 919 1680 appellantur3
949 1597 990 1662 cf.
1010 1597 1106 1661 etiam
1129 1597 1270 1660 Ausonii
1296 1597 1397 1662 Cent
1422 1597 1509 1676 nupt

363 1697 513 1761 XXVIII
531 1699 562 1780 4,
586 1699 641 1780 qui
671 1697 860 1764 Ciceronem
888 1701 922 1762 in
951 1699 1098 1783 epistulis
1126 1698 1167 1763 ad
1191 1698 1393 1765 Caerelliam
1417 1703 1509 1783 petu-

362 1800 483 1865 lantem
502 1801 604 1865 fuisse
625 1800 712 1866 dicit.
739 1801 880 1868 Dellium
897 1805 1003 1868 autem
1019 1805 1125 1888 ipsum
1142 1823 1279 1868 uxorem
1295 1803 1507 1888 imperatoris

363 1905 414 1968 sui
426 1903 467 1968 M.
478 1905 613 1968 Antonii
629 1907 685 1968 aut
700 1905 864 1970 adamasse
875 1908 932 1971 ant
943 1926 1050 1971 amare
1061 1907 1199 1972 finxisse
1212 1909 1349 1972 minime
1365 1905 1505 1984 credam,

363 2008 548 2091 praesertim
582 2027 656 2072 cum
686 2009 730 2072 ita
763 2027 832 2073 eam
862 2009 957 2091 iocis,
988 2009 1044 2074 sed
1074 2009 1169 2094 longe
1201 2010 1286 2091 aliia,
1321 2006 1507 2074 offendisse

362 2111 514 2193 tradatur,
539 2113 575 2174 ut
599 2111 639 2176 ab
665 2111 793 2176 insidiis
820 2113 890 2176 eius
915 2113 977 2176 sibi
998 2115 1166 2196 caverem).
1199 2113 1312 2178 Restat
1333 2114 1453 2198 igitur,
1475 2113 1506 2172 ut
1592 2123 1593 2160 ι

362 2213 555 2278 lascivarum
578 2216 797 2280 narrationum
820 2235 938 2300 corpus
960 2215 1136 2298 credamus,
1158 2217 1270 2299 quales
1287 2215 1506 2281 coniecerunt

363 2317 587 2384 Aristaenetus
610 2319 738 2401 aliique,
769 2319 843 2383 Non
865 2320 975 2384 minus
998 2320 1060 2384 hoc
1088 2323 1174 2384 certe
1198 2320 1329 2384 homine
1354 2319 1501 2384 Romano

363 2423 395 2484 et
410 2420 510 2484 milite
527 2419 696 2505 indignum
717 2420 896 2504 videbatur,
916 2442 1012 2506 quam
1032 2423 1119 2506 quod
1138 2422 1244 2487 Crassi
1263 2425 1404 2487 comites
1421 2421 1504 2484 inter

362 2522 550 2587 Parthicum
574 2523 693 2590 bellum
716 2523 853 2589 Milesiis
877 2525 1032 2591 Sisennae
1055 2525 1176 2591 fabulis
1200 2524 1459 2590 delectabantur.

457 2685 475 2751 ¹)
494 2682 533 2738 Cf.
551 2684 701 2755 Kiesslingi
720 2684 919 2740 adnotationes
939 2685 975 2739 ad
994 2685 1102 2740 Horatii
1121 2685 1173 2740 ll3
1193 2702 1318 2741 carmen.

454 2768 476 2836 ¹)
494 2769 556 2838 lpse
574 2771 663 2824 verbo
682 2769 820 2824 ‘boshatte
840 2769 1013 2838 Pamphlete’
1031 2769 1125 2824 utitur.

454 2854 475 2922 ³)
495 2854 534 2909 Cl.
555 2855 697 2911 Plutarchi
722 2854 836 2909 Antonii
859 2855 935 2909 vitae
962 2871 1022 2924 cap.
1037 2855 1086 2909 59:
1115 2854 1208 2908 Οὓτος
1233 2855 1376 2924 (Δέλλιος)
1400 2853 1433 2906 δὲ
1457 2847 1498 2901 καί
1592 2811 1593 2824 ¹

363 2937 449 2993 δεῑςαί
470 2956 556 3007 φηςιν
574 2941 724 3006 ἐπιβουλὴν
744 2941 774 2993 ἐκ
788 2939 978 3006 Κλεοπάτρας,
999 2940 1121 2994 Γλαύκου
1140 2944 1192 2993 τοί)
1213 2938 1315 3005 ἰατροῦ
1333 2940 1496 3006 φράςαντος

364 3026 450 3092 αὐτῷ.
464 3026 655 3092 προςέκρουςε
668 3027 699 3079 δὲ
711 3025 876 3092 Κλεοπάτρᾳ
888 3025 967 3089 παρά
981 3025 1097 3078 δεῖπνον
1111 3023 1209 3092 είπάιν,
1220 3025 1318 3078 αὺτοῖς
1334 3024 1387 3087 μὲν
1402 3019 1495 3082 ὀξίνην
1592 3043 1593 3060 ι

363 3109 509 3176 ἐτχεῑςθαι,
530 3109 695 3177 Σάρμεντον
714 3110 745 3162 δὲ
764 3107 855 3162 πίνειν
874 3109 904 3161 ἐν
925 3108 1021 3178 Ῥώμῃ
1046 3109 1212 3174 Φαλερῖνον.
1238 3109 1254 3161 ὁ
1276 3109 1309 3162 δὲ
1332 3109 1494 3174 Σάρμεντος

363 3194 399 3260 ἦν
417 3199 478 3248 τῶν
499 3194 634 3262 Καίςαρος
653 3193 793 3259 παιγνίων
812 3195 972 3260 παιδάριον,
993 3195 1011 3247 ά
1028 3193 1139 3260 δηλίκια
1158 3193 1294 3259 Ῥωμαῖοι
1313 3197 1455 3248 καλοῡςιν.
