3200 4918
653 1075 977 1157 PROOEMIUM.

784 1288 856 1370 il·

256 1415 442 1494 Ἐρὲτην
476 1415 605 1492 χρῆναι
626 1415 735 1489 πρῶτα
759 1413 908 1494 γενέσθαι,
931 1413 1005 1491 πρὶν
1024 1413 1186 1492 πηδαλίοις
1204 1414 1374 1492 ἐπιχειρεῖν.

265 1516 368 1582 Hoc
403 1513 705 1597 Aristophaneum
731 1533 797 1578 non
819 1513 990 1598 indignum
1012 1514 1106 1579 nobis
1128 1515 1265 1598 videtur,
1289 1515 1375 1598 quod

166 1620 370 1704 prooemio
393 1616 658 1682 dissertationis
673 1619 799 1681 nostrae
814 1623 1036 1701 praeponatur.
1059 1617 1157 1682 Haud
1175 1619 1263 1684 enim
1285 1620 1376 1699 igno·

174 1743 305 1788 ramus
329 1727 554 1787 accuratam
579 1719 665 1783 illam
689 1725 722 1784 et
739 1720 916 1804 perfectam
935 1721 1150 1804 cognitionem
1171 1741 1246 1786 cum
1261 1721 1376 1787 Gracci

183 1827 376 1891 sermonis
406 1829 493 1887 tum
519 1822 621 1885 totius
644 1823 844 1905 antiquitatis
866 1822 959 1888 nobis
983 1824 1105 1906 deesse,
1134 1844 1199 1906 qua
1220 1824 1255 1887 in
1279 1843 1376 1906 quae-

193 1931 315 1994 stione
335 1928 474 1992 critiea
492 1925 537 1990 de
554 1925 777 2008 Aristophanis
794 1925 912 1990 tabulis
928 1945 1008 2009 opus
1024 1932 1080 1991 est.
1103 1926 1216 2009 itaque
1232 1927 1376 1993 libellum

206 2037 394 2112 nostrum,
434 2048 543 2111 quem
573 2025 757 2112 bipartitum
786 2047 857 2094 esse
880 2029 1052 2112 voluimus,
1084 2029 1166 2094 nihil
1196 2027 1299 2094 aliud'
1314 2032 1376 2094 nisi

210 2135 359 2218 remigis
375 2133 614 2197 rudimentum
630 2136 662 2196 et
684 2132 746 2215 ipsi
769 2132 918 2197 ducimus
942 2135 974 2197 et
996 2132 1127 2197 duxerit
1148 2133 1176 2198 si
1192 2134 1265 2216 quis
1281 2134 1377 2199 bene-

221 2237 301 2302 vole
336 2256 420 2301 eum
446 2235 576 2318 legerit.
611 2233 648 2298 In
672 2237 778 2318 priore
807 2241 914 2300 autem
942 2235 1173 2300 dissertationis
1203 2243 1292 2321 parte
1320 2257 1377 2321 pro

227 2339 361 2404 viribus
394 2357 534 2422 operam
565 2337 654 2420 dabo⁷
684 2340 723 2402 ut
745 2357 911 2422 exponam,
940 2357 1023 2421 quae
1050 2341 1131 2404 ratio
1154 2341 1378 2425 Aristophanis

232 2441 326 2526 apud
358 2441 498 2508 Suidam
537 2441 684 2525 reliquiis
719 2461 793 2506 oum
830 2441 996 2507 codicibus
1030 2444 1148 2508 nostris
1179 2444 1378 2510 intercedere

235 2547 401 2611 videatur.
425 2545 555 2610 Deinde
573 2547 608 2609 in
626 2545 708 2610 libro
727 2548 901 2630 posteriore
917 2547 1111 2613 scholiorum
1126 2549 1282 2614 lectiones
1302 2570 1377 2614 con-

235 2649 344 2714 teram
366 2669 445 2714 cum
469 2650 601 2733 optimis
625 2651 681 2732 qui
704 2651 862 2715 habentur
876 2651 974 2733 libris
996 2651 1026 2716 R
1050 2651 1121 2716 dico
1145 2655 1178 2717 et
1193 2653 1231 2716 V.
1256 2653 1326 2730 Quo
1342 2655 1377 2716 in

241 2752 361 2817 codice
392 2771 468 2816 cum
492 2757 645 2834 quattuor
673 2752 801 2817 fabulae
830 2753 943 2836 desint,
970 2756 1004 2817 in
1027 2759 1166 2836 utraque
1190 2758 1377 2838 quaestione

240 2857 343 2919 etiam
373 2855 572 2919 recentiores
608 2853 681 2918 libri
711 2855 858 2920 ΔΓΘΔΜ
891 2857 944 2920 alii
975 2857 1146 2922 adhibendi
1177 2862 1265 2942 sunt,
1297 2879 1377 2943 quos

234 2965 381 3042 excepto
394 2958 610 3022 Ambrosiano
626 2957 661 3022 M
674 2958 714 3022 “a
722 2959 840 3024 Veneti
852 2961 1027 3045 archetypo
1043 2961 1126 3026 vela
1142 2962 1253 3026 codice
1270 2963 1377 3045 aliquo

242 3081 288 3126 ex
310 3063 373 3126 hoe
392 3063 553 3146 descripto
573 3062 751 3146 prodiisse”
769 3063 806 3128 R.
823 3063 999 3129 Schneeius
1017 3065 1052 3128 in
1070 3065 1178 3130 libello
1195 3066 1377 3131 academico

236 3164 315 3230 “De
329 3165 556 3248 Aristophanis
573 3165 737 3230 codicibus
754 3165 857 3249 capita
873 3166 960 3230 duo'’
976 3166 1078 3248 (Halia
1094 3165 1259 3233 Saxonum
1277 3167 1378 3254 1876)

235 3270 311 3352 p.8
336 3267 518 3351 affirmarit,
550 3287 626 3332 curn
657 3267 924 3333 “comminatam
955 3289 1025 3335 esse
1055 3272 1277 3336 recensionem
1300 3274 1377 3335 Am-

237 3371 388 3435 brosiani
412 3389 453 3434 ex
471 3371 658 3435 Ravennate
683 3377 716 3435 ot
738 3389 779 3436 ox
803 3371 952 3437 codicum
974 3371 1006 3436 X
1030 3373 1108 3454 (scil.
1126 3375 1250 3454 ΑΓΘΔ)
1268 3375 1377 3440 arche-

236 3473 345 3558 typo”
365 3475 555 3554 quaestione
573 3491 632 3536 sua
647 3473 793 3539 effecisse
808 3475 869 3538 sibi
886 3475 1055 3540 videretur.
1074 3475 1223 3540 Breviter
1239 3475 1377 3560 denique

237 3579 275 3642 in
290 3577 364 3641 fine
379 3576 452 3640 libri
468 3577 657 3660 posterioris
672 3577 804 3642 Suidam
822 3597 897 3643 oum
913 3578 1043 3644 scholiis
1058 3580 1092 3643 in
1109 3581 1377 3663 comparationem

235 3700 360 3746 vocare
383 3680 499 3745 licebit

332 3783 383 3850 De
414 3783 645 3868 Aristophanis
678 3784 837 3868 excerptis
870 3783 955 3868 apud
985 3785 1117 3850 Suidam
1149 3787 1213 3849 iam
1246 3785 1377 3849 uberius

241 3889 375 3973 scripsit
397 3889 433 3953 G,
453 3887 652 3970 Buengerus
675 3887 710 3950 in
732 3886 955 3952 dissertatione
978 3906 1044 3971 sua,
1069 3907 1151 3970 quae
1173 3887 1375 3952 inscribitur:

239 3992 312 4058 “Do
329 3991 562 4077 Aristophanis
584 3989 737 4072 Equitum
761 3989 957 4072 Lysistratae
978 3991 1377 4075 Thesmophoriazusarum

241 4097 327 4182 apud
354 4097 494 4163 Suidam
528 4091 707 4174 rchquiis”.
739 4094 956 4177 (Argentorati
985 4095 1092 4175 1878.)
1127 4093 1229 4171 Quem
1260 4093 1377 4158 librum

237 4205 381 4270 accumte
415 4195 557 4287 perlegi
594 4199 689 4277 atque
726 4197 924 4262 examinavi:
962 4197 1134 4261 nonnullas
1169 4197 1325 4262 lectiones
1360 4217 1378 4261 a

221 4305 397 4398 Buengero
418 4304 545 4371 allatas
565 4301 700 4382 correxi,
724 4300 809 4384 alias,
833 4301 951 4385 quippe
971 4320 1045 4366 cum
1064 4301 1103 4364 ad
1123 4301 1378 4366 dissertationem
