3178 4918
368 423 433 486 228
795 431 910 484 Victor
929 431 1073 496 Conlon‚

456 602 495 664 In
508 621 536 665 v.
545 605 609 665 715
622 602 717 666 lectio
728 602 843 666 RVest
855 602 882 665 ὡ
894 604 1031 681 μακαρία
1042 605 1077 666 rh
1091 605 1188 681 βουλὴ
1201 605 1258 683 (·ῆι
1270 603 1298 666 Β
1310 621 1378 666 sce.
1387 601 1514 680 Herw.)

366 709 422 782 τῆ(
440 705 592 783 θεωρίας.
616 704 720 769 Schol
733 705 763 764 V
778 705 924 768 adnotat:
947 708 1028 770 πνὲ(
1054 710 1090 769 δὲ
1106 707 1256 770 αιίζουον
1280 706 1322 770 cic
1337 707 1378 768 τὸ
1407 708 1512 784 βουλὴ

368 812 416 871 καὶ
432 809 619 873 (υνάπτουα
635 809 671 870 τὸ
688 809 725 871 cti
741 812 796 884 τῆ(
814 808 957 884 Θεωρία(
980 806 1059 872 δεον
1075 809 1183 885 ζωμὸν
1201 809 1348 887 ῥοφήκει(
1377 809 1514 886 ἡμερῶν

367 917 472 990 τριῶν.
508 909 633 988 Quibus
655 910 763 974 verbis
788 910 941 994 probatur
964 910 1120 992 quosdam
1143 909 1277 994 legisse:
1308 910 1334 974 ὦ
1366 913 1514 988 μακαρία

367 1017 477 1094 βουλή,
501 1017 538 1078 cti
561 1018 616 1092 τῆς
636 1014 779 1091 Θεωρία(
804 1013 880 1078 δεον
904 1017 965 1076 κτλ
996 1013 1058 1089 Qut
1082 1015 1262 1096 genitivum
1284 1018 1341 1091 τὴῑ
1358 1014 1514 1091 Θεωρία(

368 1117 408 1180 de
436 1135 516 1180 vooe
544 1119 652 1194 Ζωμὸν
679 1117 820 1200 pendere
848 1120 880 1179 et
910 1118 1183 1181 constructionem
1214 1117 1391 1180 verborum
1427 1115 1514 1179 hanc

368 1239 439 1284 esse
462 1225 671 1303 putaremnt:
700 1219 780 1285 δεον
806 1223 841 1284 οὺ
867 1224 923 1297 τῆς
952 1220 1095 1297 θεωρίας
1125 1221 1232 1297 Ζωμὸν
1261 1220 1408 1300 ῥοφήεει.
1447 1219 1513 1282 Sed

367 1324 585 1406 interpunctio
608 1323 667 1387 RV
689 1343 763 1386 oum
790 1323 948 1387 sententia
972 1323 1069 1386 huius
1096 1323 1158 1386 loci
1187 1323 1300 1405 utique
1329 1323 1455 1386 melius
1481 1329 1513 1384 et

368 1426 534 1510 pulchrius
558 1427 715 1510 congruit.
743 1426 823 1490 Nam
848 1427 881 1489 in
907 1445 967 1488 vsa.
985 1429 1162 1489 713-714
1185 1426 1354 1490 Theoriam
1379 1427 1513 1490 senatui

369 1531 444 1593 dare
468 1551 487 1592 a
510 1528 669 1592 Mercurio
694 1529 824 1592 iubetur
845 1529 1017 1611 'lhygaeus
1042 1531 1097 1610 qui
1122 1529 1183 1592 hoc
1205 1530 1354 1592 tacturus
1379 1529 1511 1592 senatui

368 1633 547 1716 gratulatur
562 1632 670 1696 verbis
693 1632 873 1711 ὠμακαρία
897 1670 939 1677 -
963 1636 1018 1708 τῆς
1034 1633 1184 1710 θεωρίαι
1214 1631 1285 1708 Quo
1303 1632 1344 1695 de
1360 1633 1512 1715 genitivo

369 1735 489 1800 causali
514 1737 553 1798 cl.
570 1733 779 1799 Herwerdeni
804 1741 974 1798 comment
990 1734 1030 1798 ad
1055 1735 1084 1797 h.
1101 1755 1130 1796 ν.
1154 1734 1261 1798 Foeda
1284 1755 1363 1798 sane
1389 1737 1425 1797 in
1452 1732 1509 1796 RV

368 1840 485 1922 positio
498 1838 667 1902 verborum
685 1841 719 1902 εὺ
737 1841 833 1916 βουλὴ
852 1845 900 1902 est
915 1837 1058 1920 spondeo
1074 1843 1219 1920 quartam
1237 1837 1346 1902 sedem
1364 1844 1510 1901 tenente.

368 1943 468 2007 Recte
492 1943 592 2025 igitur
614 1942 786 2005 scholiasta
809 1945 906 2020 βουλὴ
932 1945 967 2006 cd
991 1941 1076 2024 legit

460 2045 511 2109 Ad
535 2065 563 2108 v.
586 2045 650 2108 990
678 2047 748 2122 τρία
775 2048 824 2107 καί
852 2045 917 2107 δέκ’
938 2045 991 2121 ἔτη
1020 2045 1071 2108 alt
1092 2044 1190 2108 schol.
1208 2045 1238 2106 V
1259 2044 1508 2108 animadvertit:

368 2149 504 2212 τουτὲετι
532 2149 624 2211 πάλιν
651 2149 689 2210 τὸ
718 2149 915 2224 μονόμετρον
945 2149 1069 2226 βὲλααν
1096 2149 1175 2211 κατὰ
1202 2149 1375 2224 παράθεκιν
1402 2148 1509 2220 ἀναγι-

369 2255 530 2324 γνώεκειν.
556 2249 645 2326 Quae
664 2250 826 2313 adnotatio
843 2249 921 2332 quid
940 2249 1002 2312 sibi
1023 2250 1101 2313 velit
1119 2249 1188 2313 coll.
1204 2249 1300 2312 Hom.
1318 2249 1378 2313 Od.
1398 2247 1507 2323 XVII,

370 2356 433 2417 ‘231
463 2355 564 2417 πολλά
592 2353 622 2416 οἱ
645 2351 726 2432 ἀμφὶ
753 2355 833 2430 κάρη
858 2353 958 2430 εφὲλα
987 2356 1046 2416 κτλ
1071 2353 1296 2435 intellegimus
1334 2353 1389 2416 Ad
1423 2354 1507 2414 hnnc

369 2457 456 2521 enim
479 2457 586 2520 locum
610 2455 703 2519 Hom.
720 2455 818 2518 schol.
835 2455 867 2518 H
890 2457 1011 2518 variam
1035 2456 1206 2520 lectionem
1230 2455 1394 2534 ἀμφικαρῆ
1422 2473 1508 2518 oom-

369 2565 539 2637 memorat3
564 2559 662 2622 schol
674 2559 705 2619 V
722 2577 798 2622 vero
822 2557 915 2621 dicit:
941 2557 1067 2634 ἄμεινον
1084 2561 1120 2621 δὲ
1136 2561 1215 2622 κατὰ
1230 2561 1407 2636 παράθεαν
1432 2558 1506 2620 ἀνα·

369 2664 562 2742 γιγνώκκειν,
590 2661 669 2740 ἀμφὶ
693 2663 784 2741 κάρη,
813 2663 883 2738 περί
910 2663 968 2738 τήν
997 2664 1146 2739 κεφαλήν.
1183 2661 1228 2724 Ut
1249 2661 1348 2741 igitur
1371 2659 1506 2724 Homeri

369 2767 528 2848 interpres
552 2764 606 2828 ille
621 2766 812 2846 scripturam
829 2763 908 2842 ἀμφὶ
925 2765 1005 2841 κάρη
1023 2763 1115 2828 alteri
1130 2763 1293 2842 ἀμφικαρῆ
1318 2765 1504 2847 praeferen-

371 2869 442 2931 dam
463 2866 565 2948 duxit,
589 2868 636 2930 sio
655 2867 878 2950 Aristophanis
897 2867 995 2930 schol.
1008 2867 1039 2928 V
1055 2872 1165 2930 nostro
1188 2865 1258 2930 loco
1281 2870 1351 2944 τρία
1370 2871 1423 2931 καὶ
1444 2863 1505 2930 δέκ’

370 2971 501 3035 lectioni
527 2969 712 3048 aproroitax’
736 2977 896 3052 praestare
924 2969 1094 3033 adnotavit.
1128 2969 1238 3034 Liceat
1265 2973 1373 3034 autem
1404 2971 1504 3034 obiter

372 3093 503 3138 monere
522 3074 658 3136 termino
678 3073 824 3137 techuioo
844 3075 923 3137 κατὰ
941 3073 1113 3150 παράθεκιν
1133 3075 1315 3156 oppositum
1336 3093 1408 3138 esse
1429 3073 1503 3136 rard

372 3179 519 3241 κύνθεεω.

891 3344 909 3424 a
936 3345 986 3406 14.

462 3487 501 3549 In
528 3486 1008 3568 Thesmophoriazusarurn
1033 3486 1361 3568 v.161sqq.’lssmtoc
1388 3487 1501 3550 ἐκείνοι

373 3591 558 3668 κάνακρέων
587 3590 605 3652 ὁ
634 3589 726 3667 Τήιος
747 3585 751 3675 Ι
773 3587 800 3651 κ’
817 3588 944 3652 &tactor
971 3589 1022 3669 (R)
1053 3591 1145 3667 οἵπερ
1174 3587 1329 3666 ἁρμονίαν
1360 3589 1500 3668 ἐχύμιεαν

373 3693 577 3757 adnotatione
608 3691 706 3755 schol.
733 3691 761 3754 R
792 3691 946 3755 docemur
976 3693 1095 3770 Ἀχαιὸς
1129 3693 1308 3772 antiquitus
1342 3693 1499 3774 scriptum,

373 3797 509 3860 Ἀλκαῖος
533 3795 572 3857 ab
590 3795 804 3877 Aristophane
820 3795 977 3875 Byzantio
1001 3796 1176 3877 repositum
1201 3813 1280 3857 esse.
1312 3793 1373 3858 (tui
1399 3809 1499 3858 emen·

374 3897 493 3960 dationi
507 3897 712 3977 Fritzschius,
731 3897 913 3960 Meinelrius
931 3897 1039 3978 (Vind.
1052 3898 1107 3960 Ar.
1122 3917 1152 3980 p.
1168 3899 1243 3976 149)
1263 3897 1383 3980 allique
1403 3891 1498 3962 critici

372 4007 567 4082 repugnant,
595 4001 680 4082 quod
711 3999 851 4064 Alcaeus
878 3999 919 4062 iis
947 3999 1152 4064 adnumerari
1180 4019 1244 4063 non
1271 4001 1374 4083 possit
1397 3999 1499 4083 poetis,

374 4104 431 4185 qui
454 4103 652 4166 harmoniam
676 4103 896 4166 emolliverint
932 4101 994 4166 Sed
1019 4103 1189 4166 Fritasehii
1216 4103 1436 4168 coniecturam
1457 4099 1496 4177 χὼ

376 4207 462 4269 Κεῑοκ
492 4205 688 4270 reiciendum
717 4225 787 4270 esse
817 4205 957 4269 ostendit
984 4205 1133 4288 Engerus
1160 4207 1195 4268 in
1225 4205 1331 4270 adnot
1360 4205 1400 4269 ad
1428 4207 1455 4268 h.
1473 4221 1496 4262 v.

375 4307 457 4372 Nam
485 4328 559 4373 curn
590 4309 776 4386 κάνακρέων
806 4309 940 4386 ὁΤήιοκ
971 4309 1149 4392 praecedat,
1180 4307 1355 4374 verendum
1385 4319 1441 4391 est,
1467 4309 1496 4368 ut
