3406 4786
198 304 347 375 Epistulae
359 304 516 360 amatoriae
529 303 670 375 quomodo
683 306 854 362 cohaereant
870 321 934 361 cum
947 306 1044 378 elegiis
1054 307 1260 363 Alexandrinis.
1291 304 1332 367 99

201 477 310 560 batur,
343 477 516 563 scriptores
547 478 698 560 moverit,
730 481 768 543 ut
799 481 1069 563 comparationem
1100 480 1189 544 illam
1220 481 1333 567 ampli-

201 576 348 641 ficarent.

292 676 436 758 Apparet
467 675 568 758 igitur
600 679 632 739 et
662 674 770 740 Ovidii
803 675 937 760 elegiam
967 676 1067 741 1110
1098 680 1131 741 et
1162 679 1333 762 epistulam

201 778 398 843 Aristaeneti
410 778 444 842 H
456 780 496 842 ll
512 799 587 844 cum
602 779 840 863 epigrammatis
855 779 1047 862 consentire,
1062 799 1169 863 neque
1185 782 1332 866 mirabor,

202 882 231 946 si
255 883 328 964 quis
352 881 520 965 hucusque
544 881 734 947 Gollniscbii
757 882 949 947 sententiam
972 884 1066 947 novis
1088 885 1215 968 probari
1238 906 1333 970 argu-

201 987 320 1050 mentis
344 985 462 1051 credet.
495 984 558 1050 Sed
581 986 706 1069 respice
730 984 838 1049 Ovidii
860 1005 974 1052 versus
995 989 1122 1071 15sqq.,
1147 988 1203 1070 qui
1225 987 1260 1051 in
1283 1008 1333 1052 ar·

201 1092 357 1174 gumento
384 1089 479 1172 longe
508 1086 636 1152 diverso
659 1091 846 1167 versantur3
877 1108 983 1172 neque
1012 1090 1099 1154 enim
1125 1090 1160 1153 in
1189 1089 1333 1155 secunda

201 1195 292 1276 parte
322 1191 442 1274 elegiae
468 1189 604 1255 Ovidius
632 1192 770 1275 quaerit,
801 1212 880 1256 num
908 1193 984 1258 fieri
1013 1194 1128 1278 possit,
1159 1198 1197 1257 ut
1226 1194 1333 1258 anima

201 1296 342 1360 hominis
358 1293 521 1378 duplicem
537 1313 679 1359 amorem
695 1295 853 1359 sustineat
867 1297 915 1373 (ut
927 1295 963 1359 in
975 1315 1025 1360 vv.
1037 1297 1167 1378 1-15),
1183 1294 1241 1360 sed
1254 1295 1333 1360 dicit

203 1398 314 1463 utilius
334 1416 404 1462 esse
427 1397 574 1462 homiues
593 1416 700 1461 amore
724 1396 861 1461 duarum
883 1398 1056 1462 mulierum
1079 1398 1211 1464 incendi
1235 1418 1332 1482 quam

201 1502 301 1565 ritem
320 1500 390 1565 sine
409 1519 516 1564 amore
535 1519 630 1583 agere
654 1503 686 1564 et
708 1499 850 1564 affirmat
871 1501 957 1565 vires
976 1519 1010 1566 se
1029 1521 1094 1566 non
1118 1503 1163 1566 ita
1181 1502 1332 1584 deficere,

203 1610 332 1669 utnon
360 1601 497 1667 duarum
525 1603 698 1667 mulierum
725 1603 888 1669 amoribus
912 1604 1097 1670 satisfacere
1123 1606 1242 1689 possit3
1270 1605 1332 1671 hoc

200 1707 264 1771 sibi
288 1726 389 1771 unum
412 1706 622 1790 propositum,
649 1705 711 1770 hoc
734 1706 769 1769 in
792 1725 888 1790 opere
909 1706 1049 1773 libenter
1072 1726 1107 1773 se
1131 1709 1331 1773 moriturum.

200 1811 359 1875 Videmus
377 1811 478 1893 igitur
494 1807 602 1873 Ovidii
621 1828 734 1873 versus
754 1811 862 1873 1-15
882 1830 948 1875 non
966 1810 1053 1875 idem
1071 1814 1216 1895 spectare
1235 1814 1332 1895 atquo

200 1931 315 1977 versus
336 1915 376 1975 15
388 1931 456 1996 sqq.
487 1911 555 1975 Iam
570 1911 736 1996 Biirgerus
754 1912 916 1977 intellexit
933 1913 1065 1978 alteram
1083 1916 1207 1998 partem
1223 1913 1332 1979 Ovidii

201 2017 323 2101 elegIae
347 2036 422 2082 oum
445 2016 605 2100 Propertii
628 2017 770 2082 carmine
794 2016 887 2080 1122
910 2016 993 2082 bene
1018 2020 1209 2100 consentire,
1238 2020 1332 2084 ouius

199 2121 332 2184 initium
356 2120 417 2185 hoo
440 2121 504 2184 est:

342 2235 411 2301 Seis
435 2236 512 2300 here
535 2236 580 2299 mi
603 2235 719 2300 multas
742 2236 863 2320 pariter
884 2236 1045 2320 placuisse
1067 2237 1207 2320 puellas:

387 2337 457 2403 Scis
480 2339 568 2422 mihi,
591 2338 810 2422 Demophoon,
835 2340 936 2403 multa
957 2340 1069 2404 venire
1092 2340 1184 2404 mala.

200 2454 291 2532 Quae
320 2455 423 2540 elegia
450 2459 537 2520 certe
565 2455 728 2540 apologiae
756 2454 797 2519 ad
824 2456 927 2519 instar
954 2458 1129 2540 composita
1157 2459 1220 2534 est3
1252 2457 1331 2522 Pno-

198 2560 323 2643 pertius
336 2561 469 2644 exponit
480 2578 515 2623 se
527 2560 679 2642 omnium,
696 2580 919 2645 quaecumque
932 2564 1016 2644 sunt,
1030 2561 1209 2645 puellarum
1222 2581 1330 2626 amore

199 2663 395 2726 inflammari
412 2663 546 2746 (1-12)
566 2669 598 2727 et
617 2682 730 2727 causas
749 2663 853 2746 affert,
873 2684 932 2728 cur
948 2664 1023 2728 ‘tam
1042 2665 1147 2729 mollis
1165 2665 1200 2727 in
1220 2683 1331 2729 omnes

199 2767 252 2829 sit’
276 2767 429 2848 (13sqq.).
466 2764 593 2830 Deinde
617 2765 762 2831 defendit
784 2769 877 2850 poeta
900 2785 976 2831 suos
999 2765 1105 2832 mores
1129 2770 1169 2848 et,
1200 2769 1236 2831 ut
1258 2767 1331 2832 rhe-

199 2876 286 2933 tores
309 2869 416 2933 facere
439 2868 551 2951 solent,
575 2870 678 2933 τελικὰ
701 2871 855 2948 κεφάλαια
879 2868 1024 2947 adhibet;
1056 2869 1136 2934 dicit
1159 2870 1245 2933 enim
1269 2869 1330 2933 sibi

198 2977 338 3035 natura
365 2989 505 3034 amorem
533 2970 713 3055 puellarum
740 2972 876 3035 insitum
905 2991 984 3054 esse,
1012 2972 1105 3036 fieri
1135 2991 1259 3056 posse,
1288 2978 1332 3036 ut

200 3073 418 3158 complures
445 3073 630 3138 mulieres
657 3074 772 3138 simul
799 3078 910 3157 amet,
941 3075 1031 3158 quia
1058 3075 1161 3139 vires
1189 3094 1228 3139 se
1256 3095 1329 3139 non

200 3177 572 3260 deficiant(21—24).
603 3177 757 3242 Necnon
781 3177 956 3261 exempla
979 3178 1112 3243 deorum
1129 3179 1330 3260 heroumque

199 3279 303 3361 affert,
327 3279 384 3362 qui
406 3279 617 3362 plurimarum
635 3279 828 3345 feminarum
847 3281 1010 3346 amoribus
1028 3279 1235 3357 fruebantur3
1260 3283 1330 3345 turn

200 3383 333 3467 exponit
351 3381 497 3465 pluribus
515 3401 630 3448 vacare
649 3383 701 3448 vel
718 3385 816 3449 utile
839 3403 936 3467 esse,
961 3386 1046 3468 quia,
1066 3386 1095 3448 si
1113 3385 1213 3449 ultera
1230 3383 1328 3449 iidem

199 3486 313 3567 laedat,
338 3485 437 3549 altera
460 3489 567 3550 servet
590 3504 740 3550 amorem.
777 3485 885 3550 Facile
908 3487 1102 3570 perspicitur
1124 3486 1328 3570 Propertium

199 3592 306 3673 partes
322 3588 465 3672 singulas
481 3588 601 3672 elegiae
618 3586 796 3653 secundum
813 3588 902 3672 leges
917 3589 1084 3654 rhetorum
1100 3589 1328 3672 composuisse.

199 3692 347 3770 Quocum
363 3692 505 3756 carmine
521 3691 681 3775 Ptopertii
696 3710 809 3755 versus
826 3690 934 3756 Ovidii
949 3692 1070 3776 elegiae
1088 3691 1123 3755 Π
1140 3693 1191 3774 10,
1209 3693 1249 3755 15
1261 3710 1328 3775 sqq.

198 3795 303 3858 forma
314 3796 346 3858 et
358 3798 547 3878 argumento
560 3796 760 3877 congruunt;
776 3813 851 3857 nam
861 3794 891 3858 is
903 3813 1030 3877 quoque
1042 3794 1077 3857 in
1089 3795 1156 3858 arte
1168 3794 1329 3858 rhetorica

198 3899 362 3963 versatur:
383 3897 522 3980 primum
541 3898 626 3960 enim
644 3896 740 3961 utile
759 3899 851 3981 putat
870 3917 976 3963 amore
994 3896 1130 3962 duarum
1149 3897 1328 3981 puellarum

197 3998 339 4083 incendi,
359 3998 476 4063 deinde
495 3999 557 4064 hoc
576 3998 640 4062 sibi
657 4005 788 4084 propter
805 4000 949 4083 corporis
969 4002 1053 4065 vires
1071 4000 1166 4066 facile
1186 4019 1265 4066 esse.
1288 4000 1328 4064 In

197 4105 312 4190 primis
329 4123 494 4189 compares
511 4103 671 4188 Propertii
687 4122 800 4168 versus
818 4104 950 4167 21-24
966 4122 1040 4168 cum
1057 4105 1190 4168 23-28
1207 4103 1328 4186 elegiae

198 4207 317 4291 Ovidii,
329 4207 490 4291 Propertii
502 4208 544 4272 36
555 4226 600 4290 sq.
613 4226 688 4273 cum
701 4208 832 4270 15-22
846 4205 962 4271 Ovidii.
986 4204 1067 4271 Inde
1078 4209 1186 4271 autern
1198 4211 1329 4290 apparet

1258 4311 1292 4366 7*
