3354 4930
192 408 377 480 Quaestiones
387 407 593 463 Tertullianeae
604 406 640 462 ad
649 406 751 462 librum
763 406 907 462 Adversus
916 406 1044 462 Praxean
1058 406 1239 476 pertinentes.
1277 401 1318 464 25

191 581 383 663 substantia,
411 578 467 644 sed
493 580 611 662 forma,
640 598 701 644 nec
728 581 899 662 potestate,
929 578 985 642 sed
1009 581 1129 662 specie,
1154 617 1196 626 -
1220 581 1318 644 unius

191 691 298 748 eutem
321 682 518 747 substantiae
542 689 574 746 et
602 682 698 746 unius
726 684 827 745 status
856 684 1013 747 etunius
1041 683 1318 766 potestatisque
1356 707 1359 716 ·

190 807 276 851 unus
300 787 389 868 deus,
414 806 454 850 ex
479 805 542 868 quo
567 791 598 850 et
616 785 734 869 gradus
754 785 806 850 isti
828 789 860 850 et
877 786 1000 850 formae
1024 789 1057 849 et
1075 787 1199 869 species
1222 787 1257 848 in
1276 789 1319 867 (5)
1349 793 1376 836 10

191 891 319 954 nomine
342 889 441 974 patris
465 897 496 953 et
519 889 580 952 filii
604 895 636 954 et
659 890 792 973 spiritus
816 893 919 956 sancti
943 891 1156 974 deputantur'.

279 994 353 1058 Tam
375 995 503 1078 egregie
523 999 635 1058 auctor
654 993 836 1058 construxit
852 993 1036 1074 sententiae,
1056 997 1093 1056 ut
1108 1011 1219 1056 omnes
1236 993 1320 1056 inter

191 1117 225 1162 se
250 1103 354 1178 partes
372 1096 595 1181 respondeant.
625 1096 659 1160 Si
677 1116 751 1160 cum
768 1096 975 1178 Kroymanno
993 1101 1199 1176 mutaremus,
1220 1098 1317 1158 totam

190 1199 370 1264 doleremus
386 1201 533 1282 figuram.
562 1198 628 1263 Sex
648 1199 791 1263 membra
815 1200 924 1283 posuit
937 1199 1160 1280 Tertullianus,
1183 1217 1319 1280 quorum

191 1303 251 1366 tria
280 1305 404 1383 (statuS,
435 1302 626 1385 substantia,
657 1305 810 1385 potestas)
841 1305 985 1366 omnium
1015 1308 1092 1366 sunt
1123 1301 1318 1381 communia,

190 1401 293 1465 tribus
315 1401 413 1465 rebus
437 1400 562 1482 (gradu
586 1401 701 1482 forma,
731 1402 850 1484 specie)
875 1401 1032 1466 differunt
1054 1404 1139 1467 inter
1162 1423 1197 1468 se
1219 1409 1318 1487 pater,

190 1505 289 1586 riuus,
317 1504 447 1587 spiritus
476 1506 616 1568 sanctus,
650 1504 760 1567 Priore
788 1505 822 1566 in
851 1507 1010 1570 sententia
1033 1508 1160 1590 singula
1182 1508 1320 1590 singulis

191 1614 404 1692 opponuntur,
428 1628 502 1672 eum
527 1607 739 1690 sequentibus
763 1607 795 1670 in
816 1608 985 1672 sententiis
1005 1627 1042 1672 ea
1061 1608 1213 1690 membru,
1236 1628 1319 1692 quae

191 1713 274 1776 inter
293 1731 327 1776 se
347 1712 528 1791 cohaerent,
548 1711 826 1793 coniunganturl).
856 1711 895 1774 In
913 1709 1117 1776 adnotatione
1136 1711 1177 1775 ad
1194 1711 1318 1776 ‘229i29

191 1814 318 1896 scripsit
333 1812 561 1894 Kroymannus
578 1811 731 1896 ‘dirigens
748 1844 782 1866 =
798 1813 996 1878 contendens
1016 1817 1106 1897 esse',
1126 1817 1183 1880 sed
1201 1819 1319 1898 nesci0,

191 1937 230 1980 au
256 1919 315 1981 hoc
338 1922 462 1980 rectum
486 1937 550 1980 non
574 1917 623 1980 sit.
656 1916 751 1980 Hanc
774 1917 1046 2000 significationem
1068 1917 1155 2001 apud
1173 1925 1320 1982 nostrum

192 2023 353 2084 auctorem
377 2039 440 2082 non
469 2019 606 2102 repperi.
644 2018 789 2082 Fortasse
814 2019 997 2085 ‘dirimens’
1026 2020 1234 2085 scribendum
1263 2025 1318 2085 est.

191 2123 323 2208 Magnas
337 2122 546 2186 difficultates
560 2125 593 2186 et
604 2119 821 2204 ‘deputantur’
834 2119 960 2203 (23015)
972 2121 1050 2184 mihi
1066 2123 1206 2205 praebet,
1223 2124 1268 2187 ita
1282 2127 1320 2188 ut

192 2225 277 2309 (laod
310 2224 437 2289 codices
470 2223 627 2306 atterunt,
660 2224 840 2308 genuinum
872 2245 942 2289 esse
966 2225 1045 2287 mihi
1074 2245 1137 2290 uon
1161 2225 1318 2290 videatur.

191 2327 462 2394 Reitzensteinius
493 2329 656 2410 proponit:
683 2327 793 2410 'deus,
824 2349 866 2392 ex
897 2349 960 2411 quo
992 2332 1024 2394 et
1052 2328 1171 2412 gradu
1202 2330 1256 2393 isti
1287 2335 1319 2394 et

191 2432 311 2495 termae
335 2436 367 2494 et
389 2430 514 2512 species
539 2431 572 2493 in
596 2431 727 2494 nomine
749 2432 849 2513 patris
872 2437 905 2496 et
926 2432 988 2495 tilii
1008 2439 1040 2496 et
1062 2433 1194 2516 spiritus
1213 2433 1317 2497 saneti

191 2535 403 2619 deputantur'.
435 2534 482 2598 Cf.
493 2533 533 2598 ad
550 2534 610 2598 hoc
628 2533 870 2618 AduHermog.
882 2555 909 2599 e.
922 2535 1070 2600 XXXVI
1089 2537 1154 2618 (Kr
1168 2532 1315 2616 leuiter

191 2639 273 2720 ‘quis
302 2638 388 2702 enim
416 2636 474 2700 tibi
503 2636 651 2701 concedit
679 2640 801 2701 motum
829 2639 863 2702 in
891 2639 1066 2704 secundam
1093 2644 1215 2724 partem
1243 2639 1318 2704 sub-

190 2745 324 2807 stantiae
349 2741 503 2825 deputare
520 2792 526 2804 .
543 2791 550 2804 .
567 2742 585 2804 .'
617 2741 721 2805 Versu
747 2744 763 2805 1
782 2745 870 2806 certe
889 2743 1047 2826 ‘spiritum
1068 2744 1226 2808 sanctum'
1244 2763 1318 2808 eum

189 2843 242 2908 FR
260 2843 466 2908 scribendum
492 2845 541 2908 est
564 2843 790 2907 concinnitatis
814 2864 924 2926 eausa,
953 2847 1029 2928 quia
1052 2847 1223 2930 respondet
1248 2865 1318 2910 ver-

191 2947 252 3029 bis,
276 2967 359 3030 quae
383 2945 477 3010 modo
502 2945 594 3009 attuli
619 2945 668 3009 ‘iu
693 2948 822 3010 nomina
928 2948 1059 3030 spiritus
1087 2949 1189 3012 sancti
1219 2948 1318 3030 depu-

190 3052 316 3116 tentur'.
349 3051 538 3134 Scripserim
563 3051 677 3134 igitur:
703 3050 779 3114 ‘tres
804 3048 1004 3132 dirimenst?)
1029 3053 1111 3129 <et>
1136 3053 1257 3135 patrem
1286 3055 1319 3113 et

189 3157 295 3220 filium
319 3159 352 3220 et
369 3157 517 3239 spiritum
537 3161 694 3235 sanctum,
718 3159 782 3218 tres
803 3157 912 3217 autem
931 3173 996 3216 uon
1015 3158 1107 3235 statu,
1131 3154 1188 3218 sed
1207 3153 1319 3238 gradu,

191 3279 252 3324 nee
276 3259 466 3339 substantia,
495 3257 552 3321 sed
575 3259 690 3339 tonna,
714 3276 775 3320 neo
798 3261 966 3340 potestate,
991 3257 1048 3320 sed
1071 3259 1192 3342 specie,
1221 3258 1318 3322 unius

190 3366 294 3427 autem
320 3362 516 3426 substantiae
540 3366 572 3425 et
600 3362 697 3424 unius
725 3365 827 3425 status
856 3363 888 3424 et
915 3361 1011 3424 unius
1039 3361 1317 3444 potestatisque

190 3485 276 3530 uuus
300 3463 394 3545 deus,
422 3482 465 3526 ex
493 3484 556 3546 quo
581 3467 613 3527 et
635 3463 753 3546 gradus
781 3463 834 3526 isti
863 3467 895 3528 et
922 3464 1042 3528 formae
1071 3467 1103 3528 et
1130 3465 1255 3548 speeies
1283 3465 1317 3527 in

190 3571 320 3633 nomina
344 3569 443 3652 patris
468 3571 500 3632 et
523 3568 583 3631 tilii
607 3572 639 3632 et
662 3569 795 3651 spiritus
818 3571 921 3632 saneti
945 3568 1158 3651 deputantur’.

279 3670 342 3736 Sed
357 3677 559 3735 revertamur
575 3670 615 3734 ad
632 3674 728 3754 caput
739 3671 808 3734 VII.
833 3670 1120 3746 Antecedentibus
1137 3691 1219 3754 quae
1236 3674 1318 3735 treo-

189 3775 336 3856 tavimus,
350 3775 549 3838 confirmatis
559 3775 664 3858 pergit
673 3774 895 3856 auctor‘quale
908 3779 965 3855 est,
976 3779 1012 3837 ut
1021 3775 1103 3838 nihil
1112 3775 1153 3838 sit
1163 3775 1250 3856 ipse',
1262 3775 1317 3856 qui

188 3999 246 4064 per
269 3979 310 4062 id,
334 3979 421 4062 quod
445 4000 584 4044 vacuum
608 3987 640 4045 et
662 3982 758 4045 inane
777 3981 844 4044 est’.
874 3979 964 4044 filius
984 3979 1036 4046 dei
1055 4000 1158 4045 vacua
1176 4000 1228 4044 res
1247 3999 1318 4044 esse

284 4139 300 4208 ¹)
314 4139 403 4194 Velim
416 4139 546 4194 conseras
559 4141 595 4195 ad
609 4145 736 4194 nostrum
749 4141 842 4194 locum
855 4141 969 4210 Apolog.
979 4157 1003 4198 c.
1014 4142 1073 4195 XXI
1081 4141 1190 4210 (Oehii
1205 4141 1265 4203 199,
1279 4141 1317 4206 7):

188 4227 238 4280 ‘lta
257 4229 285 4280 et
304 4225 338 4278 de
358 4224 458 4293 spiritu
477 4225 592 4295 spiritus
612 4230 640 4280 et
659 4226 693 4280 de
713 4225 766 4280 deo
786 4225 855 4280 deus
874 4226 989 4281 modulo
1008 4227 1148 4282 alternum
1161 4241 1318 4294 numerum,

188 4311 277 4380 gradu
296 4325 355 4364 non
374 4314 449 4365 statu
469 4310 553 4368 tecit’.
