3178 4918
376 393 441 458 216
804 399 919 455 Victor
938 398 1082 466 Conlon,

802 572 1083 636 nebarnensium:

392 697 449 736 ves.
609 673 682 739 Son.
1129 673 1157 736 R
1181 673 1347 755 ceterique

400 792 465 854 346
489 793 641 871 γράφεται
672 795 721 857 καὶ
752 793 914 873 ετράφιγγι
970 797 1093 874 (τροφῇ
1132 791 1231 873 ΒΑΘ,
1276 791 1449 870 ετρὸφιγγι
1499 789 1528 870 Γ,

488 895 585 960 schol.
612 893 693 978 Ald.‚
726 896 915 979 interpretii·
970 901 1091 976 (τροφῇ
1115 897 1211 977 (supr.
1229 893 1409 972 ετρὸφιγγι)
1437 891 1469 954 Β

487 1001 578 1062 ment
635 1048 642 1061 .

399 1101 464 1164 690
489 1103 588 1166 λύζειε
621 1101 677 1164 ἐάν
701 1104 756 1178 μὲν
781 1101 832 1164 διὰ
854 1104 913 1164 τοῦ
1176 1100 1258 1164 λύζει
1280 1118 1305 1161 r.

489 1189 513 1291 ἶ,
527 1209 675 1274 ὀλολύζει.
700 1209 756 1272 ἐάν
770 1211 807 1272 δὲ
818 1209 915 1288 χωρὶς

487 1319 545 1380 τοῦ
570 1320 595 1398 ζ,
624 1315 729 1380 ἀλύει·
759 1317 914 1379 τοοιὲετιν

488 1419 638 1498 ἀδημονεῐ
660 1419 758 1483 schol.
774 1417 803 1482 R

399 1523 465 1584 838
489 1522 523 1584 ἐν
558 1527 593 1604 τῇ
624 1521 731 1604 ’γορᾷῑ
772 1522 806 1585 ἔν
840 1543 914 1586 τιειν
1127 1521 1161 1586 ἐν
1185 1521 1307 1602 τάγορᾷ
1331 1539 1354 1583 r.

488 1624 601 1702 εὑρέθη
623 1625 658 1688 ἐν
674 1626 793 1709 τάγορᾷ
816 1625 913 1690 schol.

398 1831 462 1894 899
488 1830 568 1896 άξειε
592 1831 666 1894 inv:
690 1831 842 1910 γράφεται
865 1834 914 1896 καὶ
968 1830 1048 1898 ἄξει(
1061 1831 1127 1913 ἰών,
1140 1829 1518 1913 quodtdsvsenibendum

488 1935 525 1998 ἰώ
550 1934 617 1998 ἀντὶ
644 1937 702 1996 τοῦ
728 1935 791 2010 ἐγὼ
815 1935 913 1998 schol.
968 1939 1024 1998 est
1050 1934 1132 1997 Nem
1147 1935 1204 1998 ἱὼν
1221 1937 1254 1997 et
1276 1936 1334 1998 ἱών
1350 1955 1393 2010 γα
1411 1935 1515 1998 Boeo·

487 2035 559 2100 Ald.
968 2036 1033 2099 tien
1062 2055 1132 2100 esse
1163 2057 1219 2120 pro
1250 2038 1313 2113 ἐγὼ
1345 2041 1379 2102 et
1412 2039 1516 2112 ἔγωγε

968 2143 1103 2203 testatur
1127 2140 1332 2222 ApolloniuS,
1367 2141 1409 2204 de
1443 2159 1514 2223 pn>

968 2263 1052 2306 noni.
1069 2263 1097 2326 p.
1112 2244 1154 2305 64
1171 2241 1218 2306 ed.
1235 2243 1344 2324 Beki„
1370 2243 1432 2307 ubi
1457 2245 1514 2305 ἱάιν

968 2364 1008 2420 γα
1025 2364 1067 2408 ex
1085 2345 1224 2409 Corinna
1240 2347 1386 2410 affertur.
1411 2346 1461 2410 cf.
1477 2345 1511 2408 R

967 2447 1113 2511 Meister:
1129 2447 1189 2512 Die
1198 2450 1429 2532 griechischen
1438 2449 1512 2513 Din-

967 2551 1061 2632 lette,
1085 2551 1201 2632 1‚273.

377 2654 463 2715 1155
488 2654 642 2718 ἀπὲλοεεν
665 2653 831 2719 άδειτινοντ
857 2656 913 2719 άπ-
968 2654 1125 2719 άπὲκλειεε
1142 2660 1281 2720 δειπνῶν
1297 2657 1333 2738 R,
1356 2658 1508 2720 άπὲλυτεν

488 2759 603 2820 ε’κλειεε
642 2760 780 2822 δείπνων
815 2758 913 2822 schol.
967 2757 1506 2840 (-λοεἈ1ά.)άδειιινονΑΒΟΔΑΙά.

488 2859 913 2942 A1d.cf.v.p.86pr01atum.

487 2992 526 3055 In
550 2995 789 3057 Euoleeiezneie
814 2994 919 3057 varias
942 2993 1096 3059 lectiones
1120 3015 1183 3057 non
1209 2994 1404 3059 invenimus.

829 3158 1035 3235 Lysistrntae
1046 3177 1052 3218 :

399 3267 455 3305 nse.
606 3243 678 3306 Sch.
1165 3245 1308 3310 RBCLA

398 3361 460 3424 601
486 3363 535 3424 καὶ
574 3359 721 3438 δημάξωε
760 3359 914 3440 γράφεται
970 3363 1018 3424 καὶ
1030 3363 1067 3439 δή
1079 3362 1166 3438 μάζω
1175 3361 1211 3442 R,
1223 3363 1272 3424 καὶ
1282 3363 1322 3438 δή
1333 3363 1419 3440 μάξω
1428 3359 1499 3441 (ΒΔ,

487 3465 535 3527 καὶ
548 3465 587 3540 δὴ
600 3467 688 3540 μάξω
702 3463 914 3527 schOLLsee.
969 3463 1099 3541 δημάξω
1132 3462 1203 3542 CL).
1242 3463 1319 3527 Tam
1349 3468 1389 3542 δή
1419 3465 1499 3540 μάῑυι

487 3566 585 3629 Stein.
599 3569 649 3631 διά
663 3570 720 3630 τοῦ
734 3569 835 3644 δήμου
847 3564 913 3632 ἄξω
970 3585 1066 3647 quam
1097 3565 1225 3644 δημάξω
1255 3567 1395 3649 ineptiae
1422 3567 1497 3626 sunt

487 3671 553 3734 ἀντὶ
569 3673 671 3734 παίζω
689 3671 759 3750 (sic)
775 3669 914 3734 schotR
968 3668 1057 3733 Libri
1077 3669 1138 3732 ΒΔ
1161 3669 1259 3732 verba
1283 3673 1333 3733 καὶ
1356 3673 1395 3747 δὴ
1419 3668 1496 3747 μάξω

487 3777 635 3856 corrupte
658 3793 720 3836 see.
745 3771 890 3836 Rutherf.
1039 3777 1125 3835 reete
1149 3771 1253 3836 divisa
1277 3773 1437 3838 exhibent.

721 3953 1156 4032 Thesmophoriezneernm:

398 4081 454 4118 vss.
605 4057 677 4121 Sch.
1221 4057 1250 4120 R

399 4176 459 4237 141
486 4195 534 4254 γρ.
552 4176 588 4239 cti
608 4174 635 4237 τ’
648 4175 744 4238 αὐτὸ(
760 4173 858 4237 schol.
875 4173 911 4254 R,
967 4175 1011 4238 τίε
1041 4174 1070 4236 δ’
1094 4175 1199 4240 αὐτὸς.
1231 4175 1438 4259 Neglegentia
1459 4167 1490 4230 li·

485 4279 584 4363 praef.
967 4277 1075 4360 brerii,
1100 4279 1156 4362 qui
1173 4279 1213 4343 ad
1232 4281 1363 4343 initium
1379 4281 1487 4343 antece
