3096 4924
759 425 877 482 Victor
895 424 1040 492 Cottion,

820 1225 925 1310 Oaput
948 1225 985 1288 V.

854 1371 874 1450 ξ
900 1370 950 1432 15.

426 1510 583 1588 Quoniam
603 1511 644 1576 de
659 1511 860 1595 singularum
875 1511 1056 1575 fabularum
1072 1511 1157 1594 apud
1173 1509 1306 1576 Suidam
1321 1511 1480 1594 reliquiis

336 1615 469 1680 uberius
493 1615 735 1699 disputavimus,
758 1615 792 1678 in
815 1615 883 1678 fine
906 1614 1022 1699 prioris
1043 1614 1140 1678 huius
1157 1613 1232 1678 libri
1252 1614 1332 1696 quid
1353 1617 1481 1678 sentia-

335 1737 407 1782 mus
430 1717 471 1783 de
494 1718 654 1801 excerptis
677 1718 897 1801 lexicographi
921 1717 1178 1800 complectamur.

426 1821 619 1904 Priusquam
635 1824 742 1886 autern
758 1821 940 1884 accuratius
955 1821 1146 1903 inquiratur,
1162 1841 1244 1904 quae
1255 1822 1339 1886 ratio
1351 1821 1479 1888 Suidae

335 1923 515 1988 intercedat
542 1943 617 1987 cum
644 1923 810 1987 codicibus
839 1923 965 2005 nostris,
993 1923 1170 1988 disseratur
1196 1941 1330 1988 neccsse
1360 1931 1411 1988 est
1437 1925 1480 1990 de

335 2025 457 2091 Suidae
466 2027 603 2110 propriis
615 2027 711 2090 vitiis.
728 2025 1020 2110 Quorumplurima
1029 2027 1092 2110 ipsi
1101 2027 1331 2110 lexicographo
1343 2029 1478 2092 crimini

337 2128 493 2193 vertenda
504 2133 593 2208 sunt;
606 2149 744 2212 namque
757 2149 883 2193 summa
894 2128 1029 2192 libidine
1041 2133 1137 2211 atque
1148 2129 1368 2194 licentiosum
1379 2149 1481 2194 usum

335 2249 409 2296 csse
426 2233 460 2294 in
477 2232 624 2296 versibus
636 2232 880 2315 Aristopbaueis
897 2231 1108 2315 excerpendis
1125 2237 1157 2296 et
1171 2231 1366 2312 Buengerus
1389 2253 1481 2296 com-

338 2338 462 2419 pertum
487 2335 601 2398 habuit
624 2339 657 2400 et
680 2336 740 2418 ipsi
760 2354 889 2417 quoque
907 2335 1000 2398 initio
1019 2335 1038 2418 ξ
1055 2336 1095 2398 10
1115 2335 1251 2417 aliisque
1274 2335 1357 2400 lucis
1382 2356 1480 2400 occa-

336 2438 427 2503 sione
447 2437 551 2502 oblata
570 2438 777 2502 ostendimus.
806 2439 855 2502 Ac
870 2438 964 2500 multi
980 2439 1076 2502 etiam
1092 2438 1305 2502 inveniuntur
1319 2437 1397 2520 loci,
1423 2439 1480 2502 ubi

337 2541 539 2624 corruptelae
568 2541 771 2605 librariorum
802 2541 1023 2623 neglegentiae
1054 2540 1224 2611 debentur,
1255 2541 1310 2622 qui
1344 2541 1480 2606 codices

336 2649 463 2708 nostros
479 2644 575 2708 lexici
591 2643 724 2708 aSuida
739 2643 858 2708 conditi
875 2649 1098 2707 exaraverunt
1122 2643 1248 2706 Horum
1264 2643 1367 2726 igitur
1383 2645 1481 2709 vitio-

336 2765 407 2809 rum
425 2747 506 2810 nibil
523 2748 657 2810 interest
673 2747 713 2809 ad
729 2746 983 2828 investigandam
1000 2751 1098 2828 atque
1113 2746 1338 2810 illustrandam
1355 2746 1480 2812 Suidae

336 2849 551 2933 undicumque
572 2850 878 2932 Aristophaneorum
897 2850 1062 2912 rationem.
1091 2849 1204 2930 Neque
1225 2869 1301 2912 vero
1322 2851 1479 2914 omnibus

336 2951 417 3016 locis
445 2959 532 3016 certo
561 2951 732 3016 diiudicari
758 2954 864 3034 potest
887 2989 928 2998 —
954 2951 986 3014 id
1011 2951 1097 3033 quod
1125 2952 1317 3034 Buengerus
1342 2971 1479 3036 quoqne

335 3059 377 3138 (p.
395 3057 446 3137 34,
467 3057 518 3136 36,
537 3054 624 3135 alibi)
644 3060 797 3136 expertus
817 3061 864 3126 est
883 3091 935 3134 -,
956 3059 1064 3118 utrum
1083 3054 1247 3137 adipsum
1267 3055 1405 3120 Suidam
1426 3056 1479 3122 vel

336 3158 408 3224 eius
429 3157 577 3222 librarios
600 3178 641 3220 an
665 3158 705 3220 ad
729 3157 874 3222 codicem
897 3157 987 3220 illum
1008 3178 1026 3220 a
1044 3157 1272 3240 lexicographo
1291 3157 1479 3222 adhibitum

338 3263 416 3326 vitia
433 3261 603 3326 referenda
621 3263 693 3324 sint.
725 3261 922 3326 Glossernata
941 3281 1019 3326 sane
1038 3267 1070 3325 et
1087 3259 1260 3325 verborum
1279 3262 1479 3326 omissiones

337 3365 388 3431 vel
412 3366 677 3448 transpositiones
701 3366 764 3448 ipsi
783 3364 901 3428 Strictae
924 3364 1117 3428 inculcanda
1136 3383 1207 3427 esse
1228 3364 1401 3442 existim03
1427 3368 1480 3429 est

337 3469 424 3534 enim
448 3468 510 3532 ista
533 3467 750 3550 compilatoris
775 3467 974 3531 consuetudo
998 3470 1095 3548 atque
1118 3467 1254 3530 indoles,

427 3571 495 3634 Iam
520 3571 547 3632 si
572 3591 723 3634 numeros
748 3589 861 3634 corum
885 3589 1038 3633 versuum
1062 3571 1096 3632 in
1113 3572 1132 3650 ξ
1151 3571 1191 3632 10
1209 3568 1409 3653 prolatorum
1425 3571 1479 3634 in·

338 3675 495 3755 dicamus,
519 3673 553 3735 in
577 3673 695 3754 quibus
712 3672 830 3736 Suidae
854 3691 935 3754 qnae
960 3671 1172 3736 inveniuntur
1190 3671 1270 3735 vitia
1292 3673 1477 3756 suiipsius

336 3779 394 3840 aut
417 3775 621 3838 librariorum
649 3775 794 3839 incuriae
818 3773 1057 3838 adnumeranda
1084 3774 1176 3836 nobis
1200 3775 1363 3857 videntur,
1391 3775 1477 3840 illud

339 3897 507 3944 monemus
527 3877 560 3940 in
581 3877 641 3940 hoc
659 3877 802 3940 locorum
819 3877 928 3941 indice
945 3877 1041 3940 etiam
1058 3896 1112 3940 eus
1130 3896 1244 3940 versus
1261 3879 1396 3960 enotari,
1417 3881 1476 3961 qui

332 3983 402 4046 nisi
427 3981 650 4065 probabilitate
675 3980 812 4062 quadam
836 4001 902 4042 non
926 3981 1206 4044 commendantur:

427 4085 484 4166 Ith.
504 4103 565 4148 vss.
583 4087 613 4162 4,
638 4087 666 4164 9,
690 4086 742 4164 48,
767 4086 819 4164 49,
845 4085 896 4163 56,
921 4085 972 4162 57,
999 4084 1072 4162 104,
1098 4085 1169 4164 192,
1196 4085 1271 4165 257,
1295 4085 1371 4167 258,
1396 4087 1476 4168 259,

334 4189 414 4268 372,
438 4189 512 4268 379,
537 4188 611 4268 382,
636 4189 710 4266 397,
733 4186 809 4266 400,
834 4187 908 4264 502,
933 4187 1006 4266 511,
1028 4187 1102 4266 521,
1119 4186 1194 4269 522,
1211 4189 1287 4269 538,
1303 4189 1379 4269 542,
1397 4191 1475 4272 546,

339 4291 414 4372 570,
440 4291 512 4370 602,
539 4290 612 4361 796,
637 4291 711 4370 835,
736 4289 810 4370 844,
837 4289 930 4370 1130,
958 4289 1052 4370 1277,
1079 4290 1173 4352 1312.
