3248 4910
380 383 424 447 24
804 393 839 447 hl.
859 393 1081 460 lleinemann,

378 565 661 629 commentatorem
676 561 736 647 (ed.
754 564 911 630 Gourrier
924 583 955 648 p.
969 564 1021 646 35,
1040 562 1087 628 ed.
1100 565 1169 628 Ast
1186 582 1216 646 p.
1232 563 1309 640 tu:
1335 560 1462 625 ελδὲναι
1476 561 1526 640 δελ

378 665 426 730 ὅτι
446 666 545 732 αὐτοῦ
565 666 679 732 horlon
700 665 719 730 ὁ
740 668 838 742 λόγος
859 665 956 733 οὑτὸε
981 667 1041 732 terr
1063 667 1112 730 καὶ
1137 667 1276 744 φέρεται
1303 665 1346 729 ἐν
1375 666 1447 728 ταῖς
1470 664 1527 726 trn-

377 771 501 835 ετολαῑε
518 769 727 848 εὐδοκιμοῡεα
742 772 792 835 καλ
811 769 902 848 αὕτη
922 769 1143 849 ἡέπιετολή.
1163 769 1320 847 βούλεται
1341 767 1394 848 δέ,
1412 766 1435 828 d
1450 767 1526 842 πρὸ(

376 872 522 950 παρόντα
545 868 620 954 εἷπε,
644 872 694 938 καλ
717 871 841 938 ἀπόντα
864 871 961 938 αὺτὸν
976 872 1159 951 deoperitur.
1193 870 1303 935 Cuius
1325 870 1528 934 sententian

375 974 523 1039 nonnulli
539 975 601 1039 viri
619 973 706 1040 docti
721 975 863 1060 amplexi
877 979 961 1058 sunt
980 977 1018 1040 ut
1032 972 1222 1039 Leonardus
1240 971 1399 1057 Spengel
1412 975 1444 1054 ¹).
1469 970 1527 1048 Qui

375 1075 409 1140 in
437 1077 550 1160 primis
579 1096 621 1142 en
644 1078 822 1161 sententiis,
850 1097 932 1160 quae
960 1078 1053 1142 initio
1082 1081 1114 1141 et
1140 1076 1249 1159 fines
1280 1075 1412 1141 cretici
1440 1075 1528 1138 inre-

375 1180 519 1260 niuntur,
551 1179 682 1262 Lysiam
717 1179 835 1244 librum
864 1180 1021 1245 eroticum
1053 1179 1144 1262 quasi
1177 1179 1368 1262 epistulam
1401 1178 1527 1242 misisse

375 1282 554 1360 concludit;
579 1281 665 1366 quod
683 1283 845 1366 prooemio
865 1282 1075 1366 epistularum
1091 1281 1297 1346 Graecarum
1314 1281 1411 1346 VIII
1430 1281 1528 1345 Fron-

374 1385 459 1450 tonis
475 1385 662 1450 coniirmari
678 1382 813 1468 videtur,
832 1386 927 1451 errius
945 1387 1058 1450 auctor
1074 1384 1195 1448 librum
1212 1385 1389 1450 creticum
1408 1383 1527 1467 Lysiae

372 1487 533 1554 innitatur:
563 1487 590 1552 d
615 1489 688 1569 φίλε
718 1493 782 1570 παῖ,
803 1490 910 1574 Ιτρίτον
934 1487 994 1567 ἤδη
1019 1508 1066 1554 cor
1087 1489 1187 1553 τοῦτο
1212 1489 1290 1567 περὶ
1314 1493 1392 1552 τῶν
1419 1487 1527 1552 αὐτῶν

372 1591 549 1668 ἑπιετὲλλω,
571 1591 609 1656 τὸ
633 1594 689 1670 μὲν
712 1595 843 1668 πρῶτον
866 1591 918 1655 διὰ
940 1590 1053 1656 horton
1075 1591 1135 1655 τοῦ
1161 1590 1330 1669 Κεφάλου,
1363 1591 1526 1668 δεύτερον

373 1697 409 1759 δὲ
433 1693 485 1758 διὰ
507 1693 686 1760 Πλάτωνα(
709 1697 769 1758 τοῦ
794 1696 908 1776 tepori,
931 1693 969 1758 τὸ
994 1696 1030 1758 δὲ
1053 1694 1093 1770 δὴ
1115 1692 1224 1770 τρίτον
1250 1694 1307 1758 διὰ
1331 1695 1444 1758 τοῦδε
1468 1694 1526 1756 τοῦ

371 1797 475 1860 ξένου.
499 1816 525 1859 κ.
534 1815 560 1859 τ.
571 1798 599 1860 λ.
631 1793 795 1878 Spengelii
820 1795 997 1860 sententiae
1016 1794 1203 1860 minoricae
1227 1794 1366 1877 Blass⁸)
1395 1797 1525 1860 contru-

371 1895 464 1976 dioit;
488 1899 580 1982 putat
597 1897 684 1961 enim
700 1896 839 1980 Lysiam,
863 1897 919 1980 qni
937 1916 1003 1962 non
1022 1899 1142 1962 certam
1160 1897 1310 1980 aliquam
1331 1915 1525 1983 personam,

370 1999 428 2065 sed
450 2018 588 2085 puerum
613 1999 807 2085 quendsmt)
832 1999 1020 2082 alloquatur,
1048 1999 1230 2064 orationem
1258 2000 1319 2064 illo
1345 2003 1524 2085 praesente

369 2101 530 2168 habuisse.
566 2101 660 2180 Quod
688 2100 839 2167 concludi
866 2121 960 2186 posse
992 2121 1034 2167 ex
1064 2119 1220 2185 responso
1251 2102 1407 2168 Socratis
1417 2105 1458 2184 ⁵),
1492 2103 1523 2164 in

369 2225 433 2289 quo
457 2205 548 2269 Plato
572 2207 746 2269 amatorem
769 2205 954 2288 loquentem
962 2207 987 2286 ⁶)
1010 2211 1043 2270 ct
1065 2221 1203 2288 puerum
1229 2212 1454 2288 praesentem
1474 2206 1523 2270 in-

240 2325 242 2338 ·
368 2307 466 2372 ducit
505 2306 598 2372 Unde
625 2305 717 2371 Blass
746 2307 869 2390 colligit
898 2305 1073 2388 Platonem,
1101 2307 1158 2388 qui
1187 2305 1366 2373 Socratem
1397 2309 1521 2373 librum

368 2411 528 2476 arcticum
550 2408 667 2492 Lysiae
696 2411 844 2474 accurate
867 2409 1046 2474 imitantem
1068 2409 1184 2492 lingat,
1210 2410 1301 2476 hanc
1331 2412 1520 2476 orationem

367 2533 432 2578 non
452 2531 508 2596 pro
526 2511 664 2596 epistula
679 2511 839 2577 habuisse.
863 2511 946 2577 Mihi
964 2511 1094 2596 quidem
1115 2511 1291 2596 iudicium,
1313 2515 1386 2579 utri
1404 2513 1520 2599 generi

366 2613 628 2680 adnumerandus
652 2613 696 2678 sit
718 2613 869 2694 ἐρωτικός
891 2613 954 2697 ille,
978 2633 1020 2678 ex
1039 2615 1109 2698 ipso
1127 2619 1258 2678 tantum
1284 2619 1398 2700 repeti
1424 2635 1521 2702 posse

366 2718 503 2782 ridetur.
526 2717 601 2802 lpse
622 2735 726 2801 genus
750 2717 954 2798 ereticorum,
978 2735 1060 2800 quos
1083 2716 1231 2782 rhetores
1259 2719 1520 2804 componebant,

365 2819 452 2884 inter
475 2819 629 2903 epistulas
657 2821 690 2883 et
712 2817 873 2882 orationes
895 2816 1039 2882 medium
1061 2836 1131 2883 esse
1155 2823 1357 2902 putaverim.
1400 2823 1520 2906 Neque

367 2939 461 2985 verua
484 2927 561 2985 sunt
581 2920 717 3002 litterae,
740 2938 824 3002 quae
845 2919 956 3002 pueris
979 2919 1095 2985 missae
1118 2923 1204 3004 sunt,
1230 2923 1292 2987 sed
1318 2927 1422 3008 quasi
1448 2943 1518 2990 ora·

366 3025 470 3089 tiones
495 3023 682 3090 absentibus
700 3024 866 3088 dedicatae
885 3029 917 3088 et
935 3025 970 3086 in
988 3022 1063 3087 libn'
1081 3023 1221 3088 formam
1243 3026 1416 3094 redactae.
1443 3028 1517 3092 Car-

364 3131 453 3194 mina
475 3137 562 3195 certe
586 3130 747 3214 sophistae
770 3129 819 3193 illi
841 3127 1057 3212 imitabantur,
1081 3129 1149 3194 sive
1169 3127 1314 3208 ἐγκώμια
1334 3132 1413 3198 sive
1438 3133 1518 3212 ἐρω-

458 3307 478 3375 2)
497 3305 662 3360 leonardus
671 3305 800 3374 Spengel,
810 3305 965 3372 Συναγωγή
979 3310 1098 3374 τεχνῶν,
1112 3305 1303 3376 stuttgartiae
1315 3307 1403 3378 1828,
1419 3327 1446 3380 p.
1456 3307 1514 3364 126.

456 3395 477 3464 ¹)
498 3393 538 3450 Cf.
557 3394 651 3449 2300:
676 3392 741 3460 περὶ
762 3394 812 3458 μὲν
834 3397 896 3448 τῶν
919 3393 998 3460 ἐμῶν
1016 3395 1195 3462 πραγμάτων
1216 3395 1377 3466 ἐπλεταεαι,
1408 3397 1457 3453 καλ
1476 3399 1514 3452 ωε

364 3477 472 3546 νομίζω
493 3479 648 3545 ευμφέρειν
666 3478 734 3544 ἡμῖν
753 3479 919 3542 γενομένων
938 3478 1053 3532 τούτων
1077 3477 1208 3545 ἀκήκοας.
1246 3481 1347 3536 2340:
1374 3483 1439 3548 ἐγὼ
1466 3483 1515 3548 μὲν

365 3564 417 3618 οὖν
431 3562 512 3616 λκανά
533 3579 580 3628 μοι
598 3561 706 3626 νομίζω
720 3562 756 3615 τὰ
768 3561 920 3628 εἰρημένα·
934 3561 957 3616 εἰ
970 3563 1002 3617 δέ
1020 3579 1047 3616 τι
1060 3564 1091 3616 cd
1105 3565 1213 3630 ποθεῑε,
1227 3563 1402 3632 ἡγούμενα(
1422 3583 1513 3636 παρα-

363 3650 520 3714 λελεῖφθαι,
539 3647 642 3714 ἐρώτα.

455 3735 476 3804 ³)
496 3735 621 3791 Attische
641 3733 851 3790 Beredsamkeit
869 3735 880 3788 l
899 3751 924 3804 p.
935 3735 1059 3806 423sqq.

455 3825 476 3893 ⁴)
494 3825 572 3880 2270
595 3823 721 3879 Platonis
739 3823 872 3878 Phaedri:
891 3825 1021 3892 γέγραφε
1032 3826 1088 3892 γὰρ
1107 3825 1143 3891 δὴ
1165 3825 1303 3882 thuein(
1324 3831 1513 3898 carpocrate

362 3926 426 3964 τινα
444 3913 505 3964 τῶν
524 3911 627 3963 καλῶν.

455 3997 477 4068 ⁶)
496 3995 710 4052 auth-2380.

454 4085 475 4156 ⁶)
495 4086 548 4140 237
561 4086 594 4140 b:
619 4083 664 4139 καί
683 4100 754 4140 ποτε
774 4083 902 4153 (ἐραετήε
921 4085 972 4155 τιε)
988 4086 1078 4140 αὐτὸν
1096 4089 1158 4156 (τὸν
1177 4091 1280 4160 παῖδα)
1301 4091 1399 4148 αἰτῶν
1419 4097 1510 4152 ἔπειθε

362 4175 441 4228 τοῦτ’
461 4173 541 4240 αὐτό,
566 4176 606 4228 ὼε
632 4174 669 4239 μὴ
689 4174 794 4240 ἐρῶντι
816 4175 875 4240 πρὸ
898 4177 951 4228 rob
971 4175 1099 4243 ἐρῶντα(
1123 4177 1183 4231 δέοι
1208 4179 1389 4246 χαρίζεεθαι.
1419 4185 1511 4248 ἐλεγέ

362 4279 397 4317 τε
418 4261 493 4316 ωδε·
512 4261 577 4328 περὶ
595 4262 712 4330 παντὸς,
732 4263 756 4315 ὠ
776 4260 828 4316 παῖ
847 4264 929 4317 unt.
