2872 4822
221 368 408 438 Quaestiones
427 368 543 422 criticae
563 367 592 422 in
610 368 809 440 Aristophanis
829 369 948 423 tabulas.
1088 364 1153 426 ‘219

1 514 3 560 ’
61 546 138 619 πῶμεν
152 543 185 604 in
204 541 255 604 Ls.
273 543 347 622 715,
372 543 508 623 ςιβυλλιᾷ
531 541 566 602 in
582 539 639 622 Eq.
658 541 708 603 61.
733 539 779 603 cf.
797 539 829 602 Z.
846 541 902 603 Ar.
918 541 961 605 St.
978 561 1007 624 p.
1028 542 1067 605 12
1085 562 1152 625 sqq.

1 667 3 763 ἶ
60 643 85 706 ad
99 643 140 727 llq.
156 646 206 726 61,
222 643 278 706 ubi
293 643 400 707 fusius
419 641 459 706 de
478 643 568 706 hisce
593 643 700 706 verbis
725 642 946 707 desiderativis
970 650 1076 708 aetunr
1096 649 1152 708 est

60 747 224 811 Adiectivum
241 767 317 810 vero
342 746 493 824 ληματίας
516 749 646 829 propter
668 744 749 808 illud
766 745 912 825 ἀνδρεῖος
934 746 1020 828 quod
1044 747 1152 829 sequi-

59 854 94 912 tur
109 855 199 914 ortam
224 870 295 914 esse
319 870 414 914 nemo
438 870 503 912 non
527 850 695 932 intellegit

1 968 5 1017 1
119 955 149 1017 ln
170 975 198 1017 r.
224 956 286 1017 567
314 955 333 1017 ὁ
358 953 388 1017 δ’
405 952 498 1036 ᾤχετ’
520 952 629 1036 ἐξᾴξας
653 973 688 1027 γε
711 953 768 1017 τὰς
792 954 929 1031 ψιάθου(
952 956 1059 1031 λαβὼν
1084 953 1152 1015 vul-

1 1078 3 1141 ι
58 1063 105 1136 χιιι
117 1059 264 1140 scriptura
280 1063 329 1120 est
343 1058 399 1121 τὰς
415 1058 560 1136 ψιάθους,
584 1075 680 1138 quam
701 1055 824 1119 scholia
841 1074 970 1137 quoque
987 1055 1044 1120 RV
1061 1075 1153 1138 prae-

1 1145 3 1195 ἕ
59 1156 111 1221 lent
127 1160 226 1223 addila
249 1166 356 1224 tamen
381 1158 603 1222 adnotatione:
630 1161 666 1222 ἐν
685 1161 722 1221 δέ
739 1163 785 1240 τῷ
805 1159 1082 1236 Καλλιςτράτου
1099 1157 1151 1239 (ol.

59 1267 124 1326 ruha
141 1284 166 1346 p.
189 1265 266 1341 204)
288 1263 459 1341 γέγραπται
474 1264 548 1326 τοὺς
564 1261 712 1340 ψιάθους.
737 1260 807 1337 Quo
827 1280 945 1344 genere
965 1261 1062 1324 huius
1078 1260 1153 1324 sub-

60 1366 153 1428 stantivi
174 1366 421 1448 Aristophanem
451 1383 545 1427 usum
573 1383 644 1427 esse
672 1365 769 1427 etiam
792 1363 907 1427 Suidas
935 1384 958 1427 s
983 1384 1012 1426 ν.
1036 1366 1153 1442 ψίαθος

60 1477 251 1533 conmemorat.
276 1468 338 1533 Sed
365 1488 440 1532 cum
464 1469 498 1531 in
522 1468 572 1531 Ls.
599 1469 663 1530 922
692 1469 768 1530 ποία
792 1469 926 1545 platee,
958 1470 990 1529 et
1013 1467 1046 1528 in
1071 1486 1151 1530 com.

60 1572 174 1634 anonlll
191 1575 254 1636 700
270 1573 308 1635 fr.
326 1575 391 1635 383
412 1570 463 1654 [K.
482 1571 612 1634 111547
630 1571 668 1633 fr.
683 1570 760 1653 789]
785 1571 819 1633 ἐκ
836 1574 891 1647 τῆς
914 1570 1011 1647 αὐτῆς
1030 1571 1150 1647 ψιάθου

60 1677 166 1743 irrora<
184 1712 227 1722 —
251 1680 288 1739 ut
311 1675 351 1738 de
375 1673 559 1739 comoediae
583 1693 731 1737 sermone
754 1673 868 1755 loquar
892 1710 934 1718 -
959 1673 1152 1753 inveniatur,

62 1775 117 1852 quin
140 1778 326 1842 Callistratus
357 1777 458 1840 falsus
482 1777 531 1857 sit
561 1776 699 1839 dubitari
724 1777 846 1858 nequit
871 1776 1022 1839 Ceterum
1047 1775 1086 1838 cf.
1111 1774 1151 1838 de

61 1874 106 1938 hac
122 1898 182 1945 rece
206 1882 325 1962 Phryn.
349 1902 378 1964 p.
404 1883 477 1945 309.

127 1981 155 2045 l.
171 1986 229 2047 625
254 1985 287 2047 in
304 1984 364 2048 RV
384 1985 432 2046 sic
456 1983 605 2046 traditur:
632 1985 671 2060 μή
692 1982 760 2059 δῆτ’
778 1981 883 2059 ἔμοιγ’.
904 1979 990 2044 οὓτω
1007 1983 1043 2043 δέ
1060 1981 1152 2058 βαςά·

62 2080 207 2163 ναῖ’(οιίιως
228 2089 305 2151 άνευ
324 2091 411 2164 τιμῆς
434 2085 571 2163 βαςάνιζ’
588 2085 627 2163 V,
651 2083 759 2147 verbis
783 2084 859 2148 ἄνευ
878 2088 966 2161 τιμῆς
989 2102 1007 2147 ο
1031 2083 1151 2165 glosse-

62 2187 123 2247 mate
139 2189 333 2271 interlineari,
359 2193 394 2252 ut
417 2189 554 2269 videtur,
579 2188 660 2251 male
680 2189 827 2266 invectis)
844 2188 1029 2262 ἀπαγαγών.
1047 2186 1151 2250 Schol.

63 2301 109 2346 lte.
126 2293 202 2355 etiam
225 2313 357 2357 versum
381 2293 484 2373 affert,
516 2291 621 2373 qualis
645 2292 679 2353 in
704 2291 765 2354 AU
789 2290 979 2354 exhibetur:
1011 2294 1090 2354 τινὲς
1115 2293 1151 2353 δέ

63 2385 93 2459 μὴ
110 2391 158 2467 δῆτ’
174 2395 223 2474 ἐμέ
239 2417 283 2477 γε,
299 2399 416 2459 τοῦτον
441 2398 477 2458 δέ
494 2393 631 2472 βαςάνιζ’
649 2394 830 2469 ἀπαγαγών.
856 2393 946 2470 Quae
965 2394 1066 2456 forma
1083 2412 1152 2456 ver·

63 2503 104 2547 811⁸
119 2496 187 2561 nullo
209 2505 302 2582 pacto
326 2499 479 2561 orationis
504 2497 670 2560 contextui
696 2498 855 2560 convenit.
885 2496 965 2559 Nam
990 2516 1063 2560 cunr
1090 2498 1153 2558 Ae

64 2606 118 2654 acus
135 2597 281 2665 Xanthiae
306 2603 339 2664 in
363 2620 426 2664 sss.
451 2601 628 2663 eet-625
655 2598 754 2663 dicat:
780 2600 838 2675 κῆν
857 2619 884 2662 τι
900 2603 1037 2676 πηρώςω
1055 2599 1090 2672 γέ
1107 2618 1153 2661 cor

64 2691 105 2753 τὸν
120 2708 199 2768 παῖδα
220 2708 360 2785 τύπτων,
389 2704 560 2782 τάργύριόν
585 2724 631 2767 cot
655 2704 794 2783 κείςεται,
820 2701 994 2764 Xanthiam
1019 2703 1058 2778 μή
1084 2699 1152 2778 δῆτ’

65 2789 131 2872 ll01l'
144 2809 211 2885 (scil.
237 2809 390 2885 ἀργύριον
407 2808 521 2870 δοτέον
545 2806 625 2886 ted),
645 2825 709 2867 non
731 2805 783 2882 έμέ
799 2826 834 2880 γε
851 2803 1044 2887 respendere
1060 2823 1154 2886 opor-

64 2899 103 2973 tet,
120 2924 205 2992 neque
225 2913 312 2975 enim
333 2911 364 2973 ei
381 2913 540 2973 tormenta
563 2909 703 2970 minatus
723 2910 772 2970 est
795 2909 930 2988 Aeaeae,
950 2906 1006 2970 sed
1031 2906 1154 2987 Diony·

65 3012 95 3078 ⁸02
110 3013 136 3070 ut
153 3033 244 3095 quem
268 3033 399 3077 servum
423 3031 494 3075 esse
518 3015 618 3094 putet.

123 3110 150 3176 ln
171 3136 196 3182 ι,
223 3119 286 3179 741
313 3117 350 3178 τὸ
375 3117 411 3179 δέ
435 3117 475 3192 μή
498 3114 631 3178 πατάξαι
655 3113 680 3176 ς’
698 3112 905 3191 ἐξελεγχθέντ’
927 3112 1071 3189 ἄντικρυς
1095 3110 1154 3174 RV

63 3198 143 3278 habent
162 3217 371 3297 ἐξελεγχθέντ’
396 3218 434 3296 (R
458 3216 583 3280 duabus
608 3216 722 3279 litteris
746 3218 803 3296 λλ).
827 3216 865 3278 In
890 3215 1021 3278 scholiis
1037 3214 1154 3277 lemma

63 3315 95 3370 lli
110 3315 284 3396 ἐξελέγξαντ’
309 3320 454 3399 ἄντικρυς
474 3319 592 3383 additis
616 3317 723 3382 verbis
746 3319 901 3397 γράφεται
925 3318 1152 3396 ἐξελεγχθέντα.

62 3403 165 3501 υῒθιγπο
183 3425 285 3506 igitur
303 3423 398 3486 lectio
418 3422 609 3485 scholiastae
629 3425 705 3484 nota
725 3424 809 3495 erat3
834 3440 970 3502 quarum
993 3420 1081 3502 prior
1100 3419 1154 3482 illa

60 3507 216 3607 tentum,
242 3546 318 3590 curn
343 3527 376 3587 in
400 3526 549 3589 lemmate
574 3527 676 3607 posita
700 3525 750 3604 sit,
774 3526 995 3588 eooniectura
1015 3528 1088 3586 nata
1107 3525 1153 3585 vi-

59 3610 128 3687 detur,
143 3627 300 3693 Velsenus
316 3630 354 3691 τὸ
371 3632 407 3692 δέ
423 3632 463 3706 μή
482 3630 616 3693 πατάξαι
635 3627 662 3691 ς’
679 3627 868 3701 ἐξελέγξαντ’
890 3628 1033 3704 άντικρυς
1052 3627 1150 3708 scrip·

58 3717 91 3782 Sil
112 3728 192 3804 Quod
217 3734 262 3794 ita
286 3729 417 3794 delendi
437 3733 548 3812 potest,
573 3734 610 3793 ut
633 3729 673 3793 de
697 3730 866 3812 participio
891 3728 1090 3808 ἐξελέγξαντ’,
1120 3730 1154 3790 in

56 3837 99 3900 quo
120 3835 295 3899 subiectum
324 3834 415 3914 inest,
446 3835 478 3896 et
506 3832 546 3896 de
576 3833 738 3895 infinitivo
766 3832 908 3913 πατάξαι,
937 3831 993 3912 qui
1018 3830 1153 3894 verbum

55 3937 177 4000 sinuati
200 3942 257 4017 est,
282 3937 347 3999 άπὸ
372 3941 481 4000 κοινοῦ
505 3956 682 4019 pronomen
707 3935 732 3999 ς’
756 3935 902 4018 pendeat.
932 3935 994 3998 Sed
1021 3954 1094 3998 cum
1119 3934 1152 3995 in

54 4024 95 4096 luc
112 4042 270 4104 enuntiato
294 4041 414 4123 pariter
437 4043 533 4122 atque
557 4040 590 4101 in
612 4059 640 4102 v.
659 4040 695 4101 τὸ
721 4040 816 4115 δὲμὴ
837 4039 969 4101 πατάξαι
994 4037 1019 4101 ς’
1036 4039 1154 4111 ἐξελεγ-

51 4137 128 4208 λθὲντ’
146 4142 289 4221 ἄντικρυς
318 4162 494 4225 pronomen
519 4142 618 4205 αὐτόν
647 4140 861 4220 desideretur,
891 4159 955 4201 non
985 4139 1151 4219 habemns,

50 4251 92 4299 ⁰111
108 4246 294 4328 scripturam
310 4244 370 4307 RV
386 4263 582 4326 spernamus
608 4243 678 4320 Qua
694 4247 823 4325 recepta
838 4261 1014 4325 pronomen
1032 4262 1062 4305 ςε
1079 4260 1154 4304 oum
