3288 4908
380 300 399 362 2
691 288 693 292 ⁵
800 303 835 360 M.
855 305 1078 370 Heiucmann,

378 475 544 543 Diomedis
562 477 763 560 grammatici
781 475 842 562 (ΠΙ
862 497 890 560 p.
903 477 969 541 484
993 476 1042 541 ed.
1061 475 1146 557 Keil)
1169 475 1294 542 verbis:
1320 475 1449 560 ‘Elegia
1467 479 1511 540 est

380 595 509 642 carmen
521 575 734 660 compositum
746 575 933 640 hexametro
945 594 1043 640 vorsu
1054 577 1320 660 pentametroque
1333 574 1509 639 alternisin

379 675 484 740 ricem
499 675 620 758 positis,
636 725 643 738 .
660 725 667 738 .
684 724 691 738 .
715 673 808 752 Quod
824 693 927 758 genus
947 675 1100 738 carminis
1118 675 1293 758 praecipue
1312 675 1512 757 scripserunt

379 773 465 857 apud
484 773 644 839 Romanos
663 773 849 857 Propertius
873 779 906 837 et
924 772 1069 837 Tibullus
1093 779 1126 838 et
1145 772 1256 838 Gallus
1278 773 1400 837 imitati
1421 771 1513 836 Grae·

380 891 435 938 cos
459 870 736 937 Callimachum
760 877 792 936 et
815 870 1033 956 Euphoriona'
1064 871 1208 937 carmina
1231 871 1376 956 elegiaca
1400 871 1513 936 Roma·

378 990 494 1035 norum
518 969 630 1054 elegiis
655 970 845 1035 Callimachi
873 975 906 1035 et
927 969 1144 1054 Euphorionis
1173 991 1238 1034 non
1267 970 1372 1034 solum
1404 973 1513 1050 meno,

378 1069 434 1135 sed
452 1069 548 1134 etiam
563 1069 760 1154 argumentis
781 1075 916 1153 cognata
937 1069 1039 1134 fuisse
1056 1069 1184 1154 colligit
1208 1069 1358 1152 Denique
1381 1073 1514 1134 auctore

379 1169 528 1252 Augusto
556 1167 793 1233 Reifferscheid
823 1167 1086 1250 similitudinem,
1115 1188 1197 1251 quae
1225 1167 1405 1233 intercedit
1432 1170 1515 1232 inter

378 1267 534 1331 nonnulla
557 1266 785 1351 epigrammata
806 1267 964 1351 Agathiae
988 1270 1020 1332 et
1042 1267 1135 1332 Pauli
1159 1266 1335 1333 Silentiarii
1358 1267 1514 1350 Byzanti·
1599 1291 1600 1306 ί

379 1385 495 1429 norum
511 1368 544 1430 et
557 1365 716 1450 Propertii
732 1365 859 1450 elegias,
875 1385 941 1430 non
957 1371 1069 1451 poetae
1081 1366 1233 1448 Romano,
1249 1372 1287 1429 ut
1301 1365 1515 1450 Hertzberg¹l

378 1470 478 1552 putat
506 1466 563 1533 sed
591 1467 703 1552 elegiis
726 1467 958 1534 Alexandrinis
987 1467 1097 1534 deberi
1126 1468 1268 1553 exponit
1304 1469 1437 1546 Quibus
1468 1489 1515 1532 ra·

378 1566 522 1631 tionibus
540 1568 708 1650 Augustus
727 1566 801 1632 Otto
821 1568 949 1652 elegias,
974 1587 1111 1652 quarum
1129 1575 1243 1652 poetae
1262 1567 1303 1632 de
1322 1587 1383 1632 suo
1405 1587 1514 1632 amore

379 1665 525 1749 agebant,
548 1664 634 1749 apud
652 1665 891 1730 Alexandrinos
915 1667 980 1730 iam
1003 1666 1150 1731 extitisse
1171 1664 1308 1750 probare
1331 1665 1455 1731 studet

470 1762 656 1829 Fridericus
674 1763 818 1851 Morou)
843 1764 893 1829 his
916 1766 1084 1830 sententiis
1107 1765 1199 1829 nisus
1221 1765 1329 1830 fontes
1352 1765 1515 1830 sermonis

379 1862 528 1926 amatorii
543 1861 704 1946 Pr0pertii
719 1862 872 1946 indagare
888 1862 1013 1940 studet3
1036 1863 1161 1928 confert
1176 1863 1320 1945 singulas
1336 1864 1516 1928 sententias

380 1960 555 2044 elegiarum
583 1966 695 2044 poetae
723 1961 859 2026 Romani
887 1981 963 2027 cum
989 1960 1081 2026 libris
1110 1968 1291 2027 ceterorum
1318 1963 1515 2046 scriptorum

381 2061 584 2142 erotioorum‚
607 2060 692 2124 inter
707 2079 788 2142 quos
803 2060 1016 2126 Philostratus
1033 2063 1065 2126 et
1080 2062 1304 2125 Aristaenetus
1320 2059 1515 2126 numerandi

379 2163 473 2241 sunt,
504 2165 536 2223 et
565 2157 683 2223 multos
712 2159 833 2224 similes
855 2159 955 2241 locos,
991 2161 1047 2243 qui
1077 2161 1303 2241 inveniuntur,
1328 2179 1371 2225 ex
1403 2161 1516 2244 elegiis

380 2255 611 2322 Alexandrinis
638 2257 777 2323 fluxisse
807 2258 981 2324 contendit
1022 2258 1194 2324 Praeterea
1222 2257 1423 2342 Mallotius³)
1453 2259 1516 2342 epi-

416 2425 540 2496 Propert.
560 2427 595 2481 lll
614 2427 639 2495 3,
652 2427 696 2482 51.
709 2427 759 2482 52:

542 2511 621 2567 Talia
640 2511 764 2582 Calliope
783 2511 959 2582 lymphisque
978 2529 996 2567 α
1015 2511 1091 2567 tonte
1111 2511 1206 2581 petitis

596 2597 652 2653 Ora
670 2597 798 2654 Philetea
816 2602 915 2654 nostra
934 2598 1035 2668 rigavit
1054 2613 1138 2667 aqua.

416 2680 498 2738 ovid.
518 2683 632 2739 Remod.
652 2683 747 2740 Amor.
767 2685 829 2740 759.
848 2685 917 2738 760:

543 2767 746 2826 Callimachum
765 2769 867 2838 fugito:
888 2785 946 2824 non
965 2771 1008 2823 est
1026 2767 1158 2822 iuimicus
1177 2766 1289 2834 Amori;

596 2853 629 2908 Et
648 2869 713 2907 cum
732 2851 904 2908 Callimacho
923 2856 954 2906 tu
973 2866 1093 2921 quoque,
1113 2850 1178 2919 Coe,
1197 2867 1292 2906 noces.

985 2936 1029 3008 (cf.
1050 2939 1077 2990 et
1096 2933 1177 2992 Orid.
1196 2936 1254 2991 Art.
1273 2936 1368 2992 Amat.
1388 2937 1425 2992 III
1443 2937 1512 3006 329).

417 3007 497 3064 Ovid.
517 3008 599 3064 Trist.
618 3009 628 3062 l
645 3010 670 3077 6,
686 3009 768 3080 ism:

543 3095 600 3151 Nec
618 3097 728 3150 tantum
747 3094 842 3150 Clario
860 3095 937 3164 Lyde
955 3094 1059 3150 dilecta
1078 3097 1187 3164 poetae,

595 3179 654 3235 Nec
672 3183 781 3235 tantum
800 3179 857 3234 Coo
876 3179 958 3233 Bittis
977 3183 1073 3233 amata
1092 3195 1144 3234 suo
1163 3182 1215 3246 cst,

381 3263 484 3334 quibus
497 3267 592 3320 tamen
605 3281 621 3320 e
633 3264 762 3320 versibus
777 3265 836 3333 ipae
850 3263 915 3320 ouo
931 3279 989 3318 non
1002 3263 1143 3318 concludit
1157 3278 1273 3317 carmen
1282 3262 1422 3331 Philotae,
1443 3261 1512 3334 quod
1599 3273 1600 3348 j

381 3347 545 3404 inscribitur
553 3347 808 3418 Bittis,Antimachi
819 3346 1030 3417 ‘Lydao’simile
1041 3346 1139 3403 tuisse.
1153 3345 1422 3415 Qualishntimachi
1434 3348 1513 3404 tuerit

381 3431 484 3505 ‘Lyde’,
503 3433 667 3488 notissimus
686 3433 827 3488 Plutarchi
847 3434 925 3488 locus
945 3433 1027 3488 docet
1049 3433 1253 3488 consolationis
1277 3433 1316 3489 ad
1332 3434 1512 3504 Apollonium
1599 3425 1600 3432 '

381 3519 469 3590 (vol-I
482 3519 571 3588 puts
588 3518 841 3588 adhemardakis)
860 3535 921 3590 cap.
935 3519 985 3573 IX:
1006 3519 1161 3586 Ἐχρήεατο
1179 3519 1211 3572 δὲ
1227 3524 1261 3588 τῇ
1279 3520 1400 3588 τοιαύτῃ
1416 3521 1510 3584 ἀγωγῇ

381 3603 427 3658 καί
437 3601 637 3671 Ἀντίμαχοτ
651 3605 667 3658 b
681 3605 808 3672 ποιητής.
829 3604 1029 3671 ἀποθανοὺεηε
1040 3607 1095 3671 γὰρ
1108 3607 1159 3670 τῆ(
1170 3605 1303 3668 γυναικὸς
1318 3605 1398 3674 αὐτῷ
1413 3607 1511 3670 hucac,

382 3690 457 3756 πρὸ(
475 3689 511 3755 ἢν
531 3689 729 3756 φιλοετόργωτ
752 3688 821 3756 εἶχε,
841 3689 1024 3756 παραμύθιον
1046 3691 1097 3754 τῆτ
1116 3689 1206 3755 λὺπηε
1225 3689 1303 3758 αὐτῷ
1325 3689 1442 3758 ἐποίηεε
1462 3691 1511 3754 τὴν

383 3773 537 3838 ἐλεγείαν
555 3775 609 3840 τὴν
622 3775 932 3842 καλουμένηνΛὺδην,
946 3775 1267 3843 ἐξαριθμηεάμενοτ
1283 3777 1343 3830 τὰ(
1359 3777 1511 3844 ἡρωικά(
1599 3831 1600 3838 1

382 3860 576 3926 τυμφοράτ,
595 3861 656 3913 τοῑτ
674 3857 833 3925 ἀλλοτρίοις
851 3863 946 3914 κακοῖο
964 3860 1071 3914 ἐλάττω
1091 3861 1145 3927 τὴν
1168 3861 1271 3914 ἑαυτοῦ
1291 3865 1387 3915 ποιῶν
1412 3863 1508 3927 λύπην.
1599 3855 1600 3908 ί

476 3945 494 4013 ¹)
516 3943 603 4000 Sextii
619 3944 725 4000 Aurelii
743 3945 881 4015 Propertii
897 3945 1055 4015 Elegiarum
1074 3945 1136 4000 libri
1156 3949 1288 4016 quattuor
1311 3945 1355 4002 ed.
1374 3947 1446 4004 Guil.
1464 3946 1508 4002 Ad

383 4027 412 4082 Β.
432 4028 592 4098 llertabcrg,
615 4029 675 4084 Hal.
696 4029 773 4098 1843,
793 4031 804 4084 l
821 4047 847 4100 p.
860 4029 913 4084 229
923 4045 963 4099 q.

474 4112 495 4180 Ι)
514 4111 673 4168 Fridericus
683 4113 785 4181 Madet,
796 4113 982 4183 Quaestionea
992 4114 1208 4186 Propertianae3
1222 4115 1291 4172 diss.
1301 4115 1425 4189 Gotting.
1438 4117 1508 4174 1882.
1599 4087 1600 4148 ί

473 4197 496 4267 ⁸)
513 4197 531 4252 1.
545 4198 561 4252 l.
582 4215 607 4268 p.
622 4199 657 4254 4³
667 4215 727 4270 sqq.
