3406 4786
172 332 324 401 Epistulae
338 331 493 388 amatoriae
507 331 647 402 quomodo
663 333 835 389 cohaereant
848 348 912 390 cum
928 335 1024 404 elegiis
1035 335 1241 428 Alexandrinis.
1272 329 1313 393 27

176 503 244 581 Qui
268 505 296 568 si
320 504 417 568 etiam
440 503 481 568 ad
504 505 689 570 meretrices
713 509 769 570 aut
792 525 909 590 pueros
934 525 1025 572 veras
1053 509 1316 591 conscripserunt

176 607 344 691 epistulas,
360 607 442 671 nihil
458 613 545 672 certe
561 608 601 672 ad
617 628 685 691 nos,
702 609 758 692 qui
775 608 977 674 ἐπιδεικτικὸν
993 611 1088 685 γένο(
1103 611 1314 693 epistularum

176 711 414 794 persequimur.
453 709 559 776 Isdem
583 714 690 776 tamen
712 713 792 775 viris
819 712 849 775 si
872 711 1090 776 calumniandi
1113 714 1216 797 gratia
1239 733 1315 798 sup·

177 816 348 897 ponuntur
369 813 495 878 litterae
518 832 640 897 eaeque
663 815 699 878 in
717 814 808 878 libris
829 816 1109 898 circumferuntur,
1134 816 1229 899 longe
1252 818 1314 881 alia

178 919 232 981 est
245 936 306 981 res.
338 915 612 982 Consuetudinem
629 919 782 1002 epistulas
798 917 915 983 edendi
933 921 997 982 iam
1013 920 1210 984 inveterasse
1227 919 1315 984 dines

179 1019 369 1102 similesque
393 1019 528 1084 aliorum
548 1022 692 1085 virorum
711 1021 864 1104 epistulas
889 1022 1045 1103 extitisse,
1068 1028 1104 1087 ut
1127 1023 1213 1086 fictis
1232 1023 1315 1088 tides

180 1121 294 1188 haberi
321 1126 438 1206 posset
477 1123 546 1187 Iam
568 1123 671 1207 ipsam
694 1124 862 1188 videamus
886 1143 963 1189 rem.
999 1124 1178 1208 Epicurum
1206 1126 1316 1190 multis

180 1227 405 1293 meretricibus
433 1228 600 1311 scripsisse
629 1231 764 1293 testatur
787 1229 947 1312 Diogenes
974 1228 1122 1294 Laertius
1147 1229 1180 1294 X
1197 1231 1234 1293 6:
1266 1232 1317 1294 καὶ

180 1330 290 1395 άλλαι(
321 1333 356 1395 δὲ
383 1333 511 1396 πολλαί(
541 1332 676 1410 ἑταίραι(
704 1333 840 1411 γράφειν
871 1333 922 1397 καί
953 1334 1080 1411 μάλατα
1108 1333 1255 1416 Λεοντίῳ,
1284 1336 1317 1398 et

180 1434 338 1518 Aloiphro
366 1433 537 1499 Leontium
564 1434 666 1518 ipsam
696 1435 822 1501 inducit
856 1435 1053 1501 scribentem
1082 1437 1161 1501 112
1193 1437 1252 1519 (IV
1274 1439 1313 1501 17

179 1537 332 1602 editionis
352 1536 531 1620 Schepersl,
549 1538 585 1602 l:
614 1537 711 1603 οὐδέν
736 1539 1009 1618 δυ(αρε(τότερον,
1034 1540 1079 1604 ὡ(
1101 1540 1212 1616 ἔοικεν,
1236 1540 1316 1604 έετὶν

177 1640 276 1706 πάλιν
310 1642 585 1720 μειρακιευομένου
620 1641 805 1720 πρεεβύτου.
840 1639 892 1705 old
919 1650 960 1718 ’με
992 1643 1216 1720 Ἐπίκουροι

178 1743 382 1808 ἐπι(τολά(
406 1741 637 1808 ἀδιαλύτου(
662 1763 713 1822 μοι
732 1744 879 1822 γράφων.
907 1742 1098 1827 Fragmenta
1117 1745 1231 1808 harum
1250 1746 1317 1828 epi-

179 1846 338 1910 stularum
367 1845 464 1909 atiert
491 1844 652 1928 Diogenes
679 1844 827 1909 Laertius
856 1845 888 1908 X
913 1848 932 1908 5
963 1846 1116 1928 (Usener,
1146 1846 1316 1930 Epicureo,

179 1949 312 2033 Leipzig
332 1951 428 2030 1887,
451 1949 729 2032 fragnnent143l:
753 1949 858 2013 Παιὰν
882 1947 972 2029 ἄναξ,
996 1950 1091 2029 φίλον
1114 1949 1315 2032 Λεοντάριον,

178 2055 254 2117 οἵου
289 2053 528 2132 κροτοθορύβου
563 2053 645 2130 ἡμά(
674 2053 846 2129 ἐνέπληια(
876 2052 1075 2127 ἀναγνόντα(
1107 2074 1164 2118 (ου
1192 2054 1228 2117 τὸ
1253 2052 1316 2117 ἐπι-

179 2155 315 2237 (τάλιον,
343 2175 407 2237 quo
426 2174 468 2220 ex
489 2155 559 2219 loco
579 2153 802 2220 concludimus
822 2153 994 2220 Leontium
1013 2173 1142 2238 quoqne
1161 2155 1314 2238 epistulas

178 2257 322 2342 Epicuro
342 2258 518 2342 scripsisse,
536 2259 598 2322 etl
617 2258 757 2339 (Usener
769 2256 817 2320 ll.
833 2257 912 2341 trag.
924 2259 1015 2338 145):
1036 2307 1090 2322 ...
1109 2259 1166 2323 τὸν
1186 2255 1213 2323 τ’
1232 2259 1317 2324 Ἐπί-

178 2380 301 2438 κουρον
320 2410 327 2424 .
344 2411 375 2425 ..
400 2364 481 2439 μνᾶν
501 2381 534 2426 τε
553 2360 727 2426 άνιιιλί(κειν
746 2361 913 2438 ἡμερηάαν
932 2361 975 2426 εί(
994 2363 1052 2439 τήν
1070 2362 1240 2443 τράπεζαν,
1265 2363 1316 2427 ὡ(

179 2462 297 2528 αὐτὸ(
321 2463 359 2527 έν
382 2469 423 2546 τῇ
442 2466 538 2543 πρὸ(
561 2463 741 2529 Λεόντιον
765 2464 941 2546 ἐπι(τολῇ
968 2465 1114 2544 γράφει.
1146 2464 1317 2529 Praeterea

180 2565 342 2649 Epicurus
371 2565 525 2649 epistulas
551 2565 732 2630 Themistae
760 2566 811 2647 (ct.
833 2565 1010 2650 Diogenem
1039 2566 1203 2632 Laertium
1227 2567 1261 2632 X
1284 2571 1312 2650 5,

181 2669 309 2734 Usener
330 2669 580 2752 l.l.irag.125)
605 2674 637 2734 et
659 2669 768 2752 pueris
791 2669 957 2733 nonnullis
981 2669 1078 2733 misit.
1114 2669 1160 2734 Ut.
1182 2670 1316 2755 Diogen.

177 2772 283 2838 Laert
302 2771 336 2836 X
358 2773 377 2836 6
401 2773 541 2854 (Usener
561 2771 621 2836 ll.
644 2771 724 2854 trag.
745 2772 833 2852 163(
859 2773 894 2837 έν
917 2793 952 2837 τε
974 2779 1010 2855 τῇ
1034 2775 1117 2850 πρὸ(
1141 2773 1315 2838 Πυθοκλέα

179 2876 323 2958 immol(
342 2877 496 2954 γράφειν·
521 2875 678 2939 ’παιδείαν
697 2878 734 2939 δὲ
757 2878 870 2955 adcor,
890 2875 1029 2956 μακάριε,
1049 2879 1150 2954 φεῦγε
1168 2876 1316 2941 τάκάπον

179 2978 354 3057 ἀράμενο(’
384 2987 417 3043 et
449 2982 467 3042 5
496 2979 636 3058 (Usener
663 2977 683 3042 1.
699 2977 718 3041 l.
744 2978 822 3060 frag.
848 2979 939 3058 leel:
973 2979 1055 3057 πρὸ(
1084 2982 1120 3043 δὲ
1146 2979 1316 3044 Πυθοκλέα

180 3081 303 3159 ὡραῖον
324 3080 411 3163 ὄντα,
436 3080 668 3163 ’καθεδοῦμαι’,
692 3082 780 3162 φη(ί,
809 3080 1011 3159 ’προεδοκῶν
1034 3083 1092 3158 τήν
1116 3081 1242 3159 ἱμερτὴν
1267 3082 1317 3145 καὶ

182 3183 309 3249 ί(ὁθεάν
333 3205 391 3250 (ου
415 3184 567 3250 εἷ(οδον’.

270 3291 322 3356 Ex
342 3311 387 3373 ee,
412 3291 498 3375 quod
519 3291 737 3375 exposuimus
762 3293 893 3374 apparet
911 3290 1065 3374 epistulas
1085 3291 1255 3354 amatorias
1275 3290 1314 3354 ab

180 3393 323 3479 Epicuro
342 3395 476 3478 scriptas
495 3414 530 3459 re
551 3414 628 3459 rere
651 3395 812 3472 extitisse3
837 3415 855 3457 a
874 3395 992 3476 quibus
1011 3394 1140 3477 spuriae
1160 3393 1316 3476 epistulae

181 3600 299 3666 sulatus,
320 3616 393 3669 quae
412 3603 440 3655 et
452 3599 515 3669 ipsa
528 3616 586 3654 non
605 3599 654 3654 uni
666 3599 746 3654 fratri
760 3600 867 3668 scripta
880 3602 930 3653 est.
951 3597 1054 3653 Reddit
1068 3614 1119 3668 pro
1132 3598 1186 3652 hoc
1199 3614 1316 3652 munere

181 3688 279 3744 Cicero
307 3689 386 3744 illam
414 3689 449 3744 de
478 3689 710 3744 administrandis
738 3689 892 3758 provinciis
923 3688 1073 3758 epistulam
1104 3688 1150 3757 (ad
1181 3688 1315 3757 Quintum

181 3778 381 3848 transmit),
406 3795 478 3848 quae
498 3780 555 3834 iam
575 3779 639 3834 libri
659 3780 748 3834 instar
768 3783 817 3834 est.
842 3777 923 3832 Haud
943 3778 982 3832 ita
1001 3779 1090 3832 multo
1109 3781 1173 3847 post
1191 3777 1247 3844 ille,
1268 3778 1316 3846 qui

182 3868 308 3924 Sallustii
322 3885 473 3938 personam
486 3869 652 3937 adsumpsit,
673 3869 709 3923 ad
727 3867 879 3923 Caesarem
898 3869 1057 3923 orationem
1076 3873 1104 3922 et
1123 3867 1272 3936 epistulam
1285 3883 1316 3922 se

181 3958 305 4014 scribere
319 3959 397 4027 fingit
406 3958 498 4028 (Peter
510 3960 527 4014 l.
538 3959 554 4013 l.
569 3975 595 4028 p.
605 3960 681 4026 175);
694 3974 748 4013 nec
761 3959 872 4024 mirum,
886 3958 951 4027 quia
965 3957 1056 4012 oratio
1069 3957 1106 4011 ad
1119 3973 1207 4011 unum
1219 3957 1317 4011 habita

182 4064 233 4103 sua
253 4051 354 4117 sponte
378 4048 406 4101 in
430 4048 568 4117 epistulae
592 4048 712 4103 formam
736 4048 802 4103 abit.
831 4046 940 4102 Publici
958 4047 1027 4101 iuris
1051 4063 1114 4101 eam
1133 4045 1239 4102 iactam
1258 4062 1317 4101 non

182 4143 232 4205 est,
247 4154 297 4193 cur
314 4154 457 4208 negemus.
477 4137 579 4193 Omnia
592 4137 663 4192 haec
676 4138 744 4192 mihi
763 4136 876 4207 quidem
895 4137 1015 4206 probare
1035 4136 1166 4190 videntur
1179 4136 1315 4204 epistulas

181 4227 238 4282 iam
256 4228 345 4282 multo
364 4231 450 4282 antea
468 4229 612 4298 proprium
631 4227 773 4297 quoddam
792 4227 949 4282 litterarum
968 4242 1057 4296 genus
1077 4227 1212 4281 effecisse.
