2872 4822
192 360 371 430 Quaestiones
390 361 507 416 criticae
526 362 555 415 in
573 361 770 431 Aristophanis
790 364 909 418 fabulas.
1049 361 1112 423 199

449 1179 552 1263 Caput
574 1179 630 1244 IV.

496 1326 514 1403 ᾗ
536 1325 586 1386 10.

96 1458 253 1529 liburnum
276 1471 326 1530 est
348 1467 556 1550 propositum,
585 1469 622 1530 ut
644 1467 666 1529 ii
691 1472 870 1531 tractentur
891 1468 963 1548 loci,
989 1467 1107 1550 quibus

34 1559 151 1631 scholiasta
165 1572 287 1652 praeter
306 1590 377 1634 eam
396 1571 596 1654 scripturam,
616 1589 712 1653 quam
732 1570 765 1632 in
786 1573 880 1634 textu
899 1590 958 1634 suo
974 1571 1108 1652 invenit,

35 1663 103 1727 vanu
119 1667 254 1738 lectiones
278 1679 518 1737 commemorat.
555 1674 622 1736 Iam
648 1677 820 1736 enotentur
843 1692 972 1737 versus:

57 1863 93 1903 λά
205 1853 278 1917 Sch.
809 1853 869 1917 RV

452 1958 626 2036 Equitum:

77 2069 178 2155 Ῑιτίχοι
201 2079 334 2156 λαμβικοὶ
357 2078 512 2157 τρίμετροι
568 2077 753 2141 lllbcontra
763 2077 933 2142 schol193
945 2079 1107 2140 trimetros

103 2174 291 2258 άτιατάληκτοι
311 2181 424 2244 ἑκατὸν
443 2180 509 2244 ἐνε-
565 2180 719 2243 iambicos
738 2180 867 2245 εἴεθεειν
886 2179 1013 2244 fabulae
1034 2180 1106 2243 effi·

103 2282 219 2357 τήκοντα
233 2286 316 2360 τρεῑε
332 2283 431 2347 schol.
446 2302 509 2347 rec.
566 2282 664 2344 ciunt
684 2281 755 2345 Vss.
765 2285 907 2364 92-94,
924 2303 997 2346 curu
1010 2303 1105 2367 prop-

103 2380 185 2449 Schol
209 2386 238 2446 V
268 2385 295 2448 Θ
331 2385 413 2448 nihil
446 2386 510 2448 nisi
565 2391 614 2449 ter
635 2384 784 2468 frigidam
805 2395 902 2468 atque
920 2386 1105 2468 languidam

103 2482 168 2570 hacc,
182 2491 277 2568 ετίχοι
289 2489 423 2566 λαμβικοὶ
436 2489 509 2552 ἀκα-
565 2491 839 2555 enumerationem
858 2509 962 2553 novae
978 2509 1105 2554 comce-

101 2589 231 2668 τάληκτοι.
431 2635 433 2640 ⁷
565 2594 635 2657 diae
653 2594 826 2657 dictionem
840 2593 1012 2673 redoleant,
1029 2612 1105 2676 spu·

563 2698 628 2760 rios
652 2696 714 2759 sibi
739 2695 842 2759 videri
865 2695 900 2759 B.
921 2696 1046 2759 Keilius
1070 2696 1104 2758 in

563 2798 681 2861 scholis
694 2799 825 2862 monuit
841 2798 917 2863 Tres
927 2799 1025 2880 igitur·
1035 2818 1106 2863 ver-

563 2920 618 2965 sus
645 2901 701 2982 illi,
730 2921 811 2984 quos
840 2902 1043 2965 scholiastam
1069 2901 1105 2964 in

562 3003 690 3068 fabulae
718 3008 872 3069 contextu
899 3023 964 3068 non
986 3003 1104 3087 legisse

562 3109 746 3190 suspiceris
757 3106 843 3170 haud
859 3107 925 3170 scio
936 3128 978 3170 an
993 3109 1104 3171 versui

563 3213 603 3274 91
616 3211 768 3294 adscripti
784 3212 953 3273 intextum
968 3210 1104 3293 irrepse-

561 3316 634 3378 rint.

67 3397 274 3496 4Εῑιήρρηεενῑ
295 3416 331 3480 ἐν
355 3416 448 3480 ἐνίοτε
471 3419 507 3481 δὲ
562 3419 738 3496 εἰεήρρηεεν
754 3436 778 3479 r.
803 3416 900 3479 Varia
916 3415 1011 3479 lectio
1029 3416 1103 3480 εἰεὲ-

98 3511 284 3599 ἀντιγράφοις
347 3519 507 3598 εἰεὲφρηιε
561 3540 664 3600 φρηεε
674 3519 872 3601 repudianda
883 3525 938 3582 cst.
952 3519 1103 3601 cruny-

69 3623 230 3719 ,τράφεται
254 3621 355 3686 schol.
372 3621 402 3680 V
562 3623 642 3687 desii
665 3623 771 3687 adnot
796 3621 836 3684 ad
860 3623 889 3685 h.
914 3642 943 3684 v.

53 3703 80 3767 3⁰
96 3720 170 3808 ἑτέρᾳ
191 3747 262 3790 ποτε
291 3726 447 3804 γράφεται
471 3728 507 3789 δὲ
561 3728 653 3804 ἕτερα
673 3747 736 3790 ποι.
765 3723 931 3789 Dobraeus
950 3727 1041 3804 ἑτέρα
1060 3747 1102 3804 ιτη

96 3827 131 3888 καὶ
151 3833 192 3905 πῆ
217 3827 319 3892 schol.
344 3827 415 3891 Ald.
562 3826 631 3890 edd.
656 3826 765 3910 probb.

40 3903 78 3974 187
95 3923 162 3993 olov:
184 3933 341 4012 γράφεται
360 3933 409 3995 καὶ
428 3930 506 3996 dccv
632 3929 708 3994 ὅεον
731 3930 760 3993 R
783 3930 890 4014 praei,
914 3931 985 3995 αῖον
1005 3930 1034 3990 V

95 4029 174 4096 schol.
190 4035 221 4097 V

39 4109 77 4183 2ll
94 4131 208 4202 αἰκάλλει
226 4159 279 4216 μετ
297 4138 453 4215 γράφεται
470 4139 506 4200 δὲ
684 4137 819 4201 αἰκάλλει
844 4159 881 4216 με
904 4136 933 4200 R
956 4155 979 4197 r.

94 4239 132 4300 καὶ
151 4244 234 4305 καλεῖ
257 4261 296 4319 με
319 4239 418 4304 schol.
437 4239 465 4299 V
722 4239 831 4306 ’καλεεῑ
854 4259 891 4317 με
910 4238 939 4299 V
