<?xml version="1.0" encoding="UTF-8"?>
<!DOCTYPE html PUBLIC "-//W3C//DTD XHTML 1.0 Transitional//EN"
    "http://www.w3.org/TR/xhtml1/DTD/xhtml1-transitional.dtd">
<html xmlns="http://www.w3.org/1999/xhtml" xml:lang="en" lang="en">
 <head>
  <title>
</title>
<meta http-equiv="Content-Type" content="text/html;charset=utf-8" />
  <meta name='ocr-system' content='tesseract 3.04.00' />
  <meta name='ocr-capabilities' content='ocr_page ocr_carea ocr_par ocr_line ocrx_word'/>
</head>
<body>
  <div class='ocr_page' id='page_1' title='image "./dissertationesp03stragoog_0576.png"; bbox 0 0 3354 4930; ppageno 0'>
   <div class='ocr_carea' id='block_1_1' title="bbox 190 407 1317 484">
    <p class='ocr_par' dir='ltr' id='par_1_1' title="bbox 190 407 1317 484">
     <span class='ocr_line' id='line_1_1' title="bbox 190 407 1317 484; baseline 0.008 -22"><span class='ocrx_word' id='word_1_1' title='bbox 190 407 376 480; x_wconf 78' lang='lat' dir='ltr'>Quaestiones</span> <span class='ocrx_word' id='word_1_2' title='bbox 386 408 592 464; x_wconf 83' lang='lat' dir='ltr'>Tertullianeae</span> <span class='ocrx_word' id='word_1_3' title='bbox 603 410 639 465; x_wconf 86' lang='lat' dir='ltr'>ad</span> <span class='ocrx_word' id='word_1_4' title='bbox 648 409 749 466; x_wconf 90' lang='lat' dir='ltr'>librum</span> <span class='ocrx_word' id='word_1_5' title='bbox 762 411 906 467; x_wconf 80' lang='lat' dir='ltr'>Adversus</span> <span class='ocrx_word' id='word_1_6' title='bbox 916 413 1044 468; x_wconf 80' lang='lat' dir='ltr'>Praxean</span> <span class='ocrx_word' id='word_1_7' title='bbox 1058 415 1238 484; x_wconf 77' lang='lat' dir='ltr'>pertinentes.</span> <span class='ocrx_word' id='word_1_8' title='bbox 1276 411 1317 481; x_wconf 79' lang='lat'>27</span> 
     </span>
    </p>
   </div>
   <div class='ocr_carea' id='block_1_2' title="bbox 189 579 1369 3867">
    <p class='ocr_par' dir='ltr' id='par_1_2' title="bbox 189 579 1322 1289">
     <span class='ocr_line' id='line_1_2' title="bbox 190 579 1317 665; baseline 0.005 -21"><span class='ocrx_word' id='word_1_9' title='bbox 190 579 246 644; x_wconf 92' lang='lat' dir='ltr'>ubi</span> <span class='ocrx_word' id='word_1_10' title='bbox 270 583 328 662; x_wconf 76' lang='grc' dir='ltr'>θεῖ</span> <span class='ocrx_word' id='word_1_11' title='bbox 351 579 415 644; x_wconf 89' lang='lat' dir='ltr'>duo</span> <span class='ocrx_word' id='word_1_12' title='bbox 439 584 523 662; x_wconf 69' lang='lat' dir='ltr'>sunt</span> <span class='ocrx_word' id='word_1_13' title='bbox 547 584 580 645; x_wconf 88' lang='lat' dir='ltr'>et</span> <span class='ocrx_word' id='word_1_14' title='bbox 602 583 717 646; x_wconf 84' lang='lat' dir='ltr'>tertius</span> <span class='ocrx_word' id='word_1_15' title='bbox 741 581 797 646; x_wconf 93' lang='lat' dir='ltr'>ubi</span> <span class='ocrx_word' id='word_1_16' title='bbox 816 589 873 665; x_wconf 81' lang='lat' dir='ltr'>est,</span> <span class='ocrx_word' id='word_1_17' title='bbox 896 586 962 648; x_wconf 87' lang='lat' dir='ltr'>tres</span> <span class='ocrx_word' id='word_1_18' title='bbox 981 587 1064 649; x_wconf 87' lang='lat' dir='ltr'>sunt.</span> <span class='ocrx_word' id='word_1_19' title='bbox 1096 587 1210 652; x_wconf 88' lang='lat' dir='ltr'>tertius</span> <span class='ocrx_word' id='word_1_20' title='bbox 1233 589 1317 652; x_wconf 91' lang='lat' dir='ltr'>enim</span> 
     </span>
     <span class='ocr_line' id='line_1_3' title="bbox 191 682 1320 766; baseline 0.006 -18"><span class='ocrx_word' id='word_1_21' title='bbox 191 691 240 748; x_wconf 86' lang='lat' dir='ltr'>est</span> <span class='ocrx_word' id='word_1_22' title='bbox 263 683 396 766; x_wconf 88' lang='lat' dir='ltr'>spiritus</span> <span class='ocrx_word' id='word_1_23' title='bbox 419 704 438 747; x_wconf 88' lang='lat' dir='ltr'>a</span> <span class='ocrx_word' id='word_1_24' title='bbox 461 682 529 748; x_wconf 90' lang='lat' dir='ltr'>deo</span> <span class='ocrx_word' id='word_1_25' title='bbox 553 689 591 748; x_wconf 93' lang='lat' dir='ltr'>et</span> <span class='ocrx_word' id='word_1_26' title='bbox 608 685 708 764; x_wconf 84' lang='lat' dir='ltr'>filio,</span> <span class='ocrx_word' id='word_1_27' title='bbox 732 687 818 750; x_wconf 90' lang='lat' dir='ltr'>sicut</span> <span class='ocrx_word' id='word_1_28' title='bbox 834 686 950 751; x_wconf 86' lang='lat' dir='ltr'>tertius</span> <span class='ocrx_word' id='word_1_29' title='bbox 969 709 988 752; x_wconf 93' lang='lat' dir='ltr'>a</span> <span class='ocrx_word' id='word_1_30' title='bbox 1005 688 1113 754; x_wconf 80' lang='lat' dir='ltr'>radice</span> <span class='ocrx_word' id='word_1_31' title='bbox 1132 689 1258 754; x_wconf 88' lang='lat' dir='ltr'>fructus</span> <span class='ocrx_word' id='word_1_32' title='bbox 1278 710 1320 755; x_wconf 84' lang='lat' dir='ltr'>ex</span> 
     </span>
     <span class='ocr_line' id='line_1_4' title="bbox 189 787 1318 859; baseline 0.006 -7"><span class='ocrx_word' id='word_1_33' title='bbox 189 787 309 852; x_wconf 88' lang='lat' dir='ltr'>frutice</span> <span class='ocrx_word' id='word_1_34' title='bbox 333 794 365 852; x_wconf 89' lang='grc' dir='ltr'>θῖ</span> <span class='ocrx_word' id='word_1_35' title='bbox 388 789 502 852; x_wconf 88' lang='lat' dir='ltr'>tertius</span> <span class='ocrx_word' id='word_1_36' title='bbox 526 809 545 852; x_wconf 93' lang='lat' dir='ltr'>a</span> <span class='ocrx_word' id='word_1_37' title='bbox 566 789 656 853; x_wconf 85' lang='lat' dir='ltr'>fonte</span> <span class='ocrx_word' id='word_1_38' title='bbox 679 791 769 854; x_wconf 88' lang='lat' dir='ltr'>rivus</span> <span class='ocrx_word' id='word_1_39' title='bbox 793 809 836 855; x_wconf 88' lang='lat' dir='ltr'>ex</span> <span class='ocrx_word' id='word_1_40' title='bbox 858 790 996 856; x_wconf 87' lang='lat' dir='ltr'>flumine</span> <span class='ocrx_word' id='word_1_41' title='bbox 1020 797 1053 856; x_wconf 90' lang='grc' dir='ltr'>θῖ</span> <span class='ocrx_word' id='word_1_42' title='bbox 1075 794 1189 858; x_wconf 88' lang='lat' dir='ltr'>tertius</span> <span class='ocrx_word' id='word_1_43' title='bbox 1214 795 1318 859; x_wconf 88' lang='lat' dir='ltr'>asole</span> 
     </span>
     <span class='ocr_line' id='line_1_5' title="bbox 192 891 1321 980; baseline 0.006 -25"><span class='ocrx_word' id='word_1_44' title='bbox 192 911 274 974; x_wconf 81' lang='lat' dir='ltr'>apex</span> <span class='ocrx_word' id='word_1_45' title='bbox 298 911 339 956; x_wconf 89' lang='lat' dir='ltr'>ex</span> <span class='ocrx_word' id='word_1_46' title='bbox 362 891 461 957; x_wconf 84' lang='lat' dir='ltr'>radio.</span> <span class='ocrx_word' id='word_1_47' title='bbox 493 893 575 956; x_wconf 90' lang='lat' dir='ltr'>nihil</span> <span class='ocrx_word' id='word_1_48' title='bbox 599 898 706 957; x_wconf 88' lang='lat' dir='ltr'>famen</span> <span class='ocrx_word' id='word_1_49' title='bbox 729 914 748 958; x_wconf 89' lang='lat' dir='ltr'>a</span> <span class='ocrx_word' id='word_1_50' title='bbox 770 897 837 977; x_wconf 83' lang='lat'>(10)</span> <span class='ocrx_word' id='word_1_51' title='bbox 861 895 995 960; x_wconf 89' lang='lat' dir='ltr'>matrice</span> <span class='ocrx_word' id='word_1_52' title='bbox 1019 895 1189 979; x_wconf 81' lang='lat' dir='ltr'>alienatur,</span> <span class='ocrx_word' id='word_1_53' title='bbox 1214 919 1234 962; x_wconf 86' lang='lat' dir='ltr'>a</span> <span class='ocrx_word' id='word_1_54' title='bbox 1257 918 1321 980; x_wconf 92' lang='lat' dir='ltr'>qua</span> 
     </span>
     <span class='ocr_line' id='line_1_6' title="bbox 191 996 1321 1082; baseline 0.005 -24"><span class='ocrx_word' id='word_1_55' title='bbox 191 996 402 1079; x_wconf 75' lang='lat' dir='ltr'>proprietates</span> <span class='ocrx_word' id='word_1_56' title='bbox 425 1015 500 1060; x_wconf 87' lang='lat' dir='ltr'>suas</span> <span class='ocrx_word' id='word_1_57' title='bbox 524 996 621 1061; x_wconf 85' lang='lat' dir='ltr'>ducit</span> <span class='ocrx_word' id='word_1_58' title='bbox 655 999 698 1061; x_wconf 87' lang='lat' dir='ltr'>ita</span> <span class='ocrx_word' id='word_1_59' title='bbox 721 999 847 1062; x_wconf 84' lang='lat' dir='ltr'>trinitas</span> <span class='ocrx_word' id='word_1_60' title='bbox 865 1017 924 1082; x_wconf 87' lang='lat' dir='ltr'>per</span> <span class='ocrx_word' id='word_1_61' title='bbox 943 1003 1108 1062; x_wconf 90' lang='lat' dir='ltr'>consertos</span> <span class='ocrx_word' id='word_1_62' title='bbox 1127 1001 1160 1064; x_wconf 87' lang='grc' dir='ltr'>θῖ</span> <span class='ocrx_word' id='word_1_63' title='bbox 1178 1020 1321 1064; x_wconf 85' lang='lat' dir='ltr'>conexos</span> 
     </span>
     <span class='ocr_line' id='line_1_7' title="bbox 193 1100 1322 1187; baseline 0.003 -23"><span class='ocrx_word' id='word_1_64' title='bbox 193 1100 311 1185; x_wconf 84' lang='lat' dir='ltr'>gradus</span> <span class='ocrx_word' id='word_1_65' title='bbox 339 1107 470 1186; x_wconf 83' lang='lat' dir='ltr'>epatre</span> <span class='ocrx_word' id='word_1_66' title='bbox 498 1102 674 1168; x_wconf 81' lang='lat' dir='ltr'>decurrens</span> <span class='ocrx_word' id='word_1_67' title='bbox 704 1109 736 1168; x_wconf 87' lang='lat' dir='ltr'>et</span> <span class='ocrx_word' id='word_1_68' title='bbox 762 1101 967 1169; x_wconf 78' lang='lat' dir='ltr'>monarchiae</span> <span class='ocrx_word' id='word_1_69' title='bbox 997 1101 1077 1164; x_wconf 90' lang='lat' dir='ltr'>nibil</span> <span class='ocrx_word' id='word_1_70' title='bbox 1106 1102 1262 1187; x_wconf 90' lang='lat' dir='ltr'>obstrepit</span> <span class='ocrx_word' id='word_1_71' title='bbox 1290 1107 1322 1168; x_wconf 89' lang='lat' dir='ltr'>et</span> 
     </span>
     <span class='ocr_line' id='line_1_8' title="bbox 193 1205 718 1289; baseline 0.002 -21"><span class='ocrx_word' id='word_1_72' title='bbox 193 1205 395 1270; x_wconf 88' lang='lat' dir='ltr'>oikonomiae</span> <span class='ocrx_word' id='word_1_73' title='bbox 419 1207 538 1269; x_wconf 86' lang='lat' dir='ltr'>statum</span> <span class='ocrx_word' id='word_1_74' title='bbox 561 1206 718 1289; x_wconf 85' lang='lat' dir='ltr'>protegit’.</span> 
     </span>
    </p>

    <p class='ocr_par' dir='ltr' id='par_1_3' title="bbox 192 1293 1369 3867">
     <span class='ocr_line' id='line_1_9' title="bbox 281 1293 1369 1390; baseline 0.003 -20"><span class='ocrx_word' id='word_1_75' title='bbox 281 1307 350 1390; x_wconf 74' lang='lat' dir='ltr'>ligo</span> <span class='ocrx_word' id='word_1_76' title='bbox 375 1311 469 1372; x_wconf 85' lang='lat' dir='ltr'>antea</span> <span class='ocrx_word' id='word_1_77' title='bbox 491 1308 614 1373; x_wconf 88' lang='lat' dir='ltr'>offendi</span> <span class='ocrx_word' id='word_1_78' title='bbox 637 1311 672 1372; x_wconf 93' lang='lat' dir='ltr'>in</span> <span class='ocrx_word' id='word_1_79' title='bbox 696 1309 820 1373; x_wconf 79' lang='lat' dir='ltr'>‘tertius</span> <span class='ocrx_word' id='word_1_80' title='bbox 844 1331 863 1373; x_wconf 87' lang='lat' dir='ltr'>a</span> <span class='ocrx_word' id='word_1_81' title='bbox 885 1309 974 1373; x_wconf 86' lang='lat' dir='ltr'>fonte</span> <span class='ocrx_word' id='word_1_82' title='bbox 997 1309 1086 1372; x_wconf 88' lang='lat' dir='ltr'>rivus</span> <span class='ocrx_word' id='word_1_83' title='bbox 1111 1327 1152 1371; x_wconf 84' lang='lat' dir='ltr'>ex</span> <span class='ocrx_word' id='word_1_84' title='bbox 1175 1308 1321 1374; x_wconf 88' lang='lat' dir='ltr'>flumine&#39;</span> <span class='ocrx_word' id='word_1_85' title='bbox 1365 1293 1369 1302; x_wconf 65' lang='grc'><strong>’</strong></span> 
     </span>
     <span class='ocr_line' id='line_1_10' title="bbox 192 1408 1323 1497; baseline 0 -23"><span class='ocrx_word' id='word_1_86' title='bbox 192 1408 463 1493; x_wconf 58' lang='lat' dir='ltr'>(rests-nnn</span> <span class='ocrx_word' id='word_1_87' title='bbox 484 1413 570 1494; x_wconf 92' lang='lat' dir='ltr'>quod</span> <span class='ocrx_word' id='word_1_88' title='bbox 589 1413 723 1496; x_wconf 88' lang='lat' dir='ltr'>reliquis</span> <span class='ocrx_word' id='word_1_89' title='bbox 742 1414 776 1476; x_wconf 94' lang='lat' dir='ltr'>in</span> <span class='ocrx_word' id='word_1_90' title='bbox 796 1413 954 1497; x_wconf 85' lang='lat' dir='ltr'>exemplis</span> <span class='ocrx_word' id='word_1_91' title='bbox 974 1431 1084 1495; x_wconf 89' lang='lat' dir='ltr'>perse</span> <span class='ocrx_word' id='word_1_92' title='bbox 1104 1411 1211 1494; x_wconf 89' lang='lat' dir='ltr'>ipsum</span> <span class='ocrx_word' id='word_1_93' title='bbox 1229 1411 1323 1476; x_wconf 91' lang='lat' dir='ltr'>intel-</span> 
     </span>
     <span class='ocr_line' id='line_1_11' title="bbox 193 1515 1324 1602; baseline 0.002 -24"><span class='ocrx_word' id='word_1_94' title='bbox 193 1516 318 1600; x_wconf 84' lang='lat' dir='ltr'>legitur,</span> <span class='ocrx_word' id='word_1_95' title='bbox 337 1515 371 1579; x_wconf 94' lang='lat' dir='ltr'>id</span> <span class='ocrx_word' id='word_1_96' title='bbox 390 1525 499 1581; x_wconf 86' lang='lat' dir='ltr'>nostro</span> <span class='ocrx_word' id='word_1_97' title='bbox 517 1517 589 1583; x_wconf 90' lang='lat' dir='ltr'>loco</span> <span class='ocrx_word' id='word_1_98' title='bbox 610 1538 674 1583; x_wconf 92' lang='lat' dir='ltr'>non</span> <span class='ocrx_word' id='word_1_99' title='bbox 691 1521 754 1583; x_wconf 87' lang='lat' dir='ltr'>tam</span> <span class='ocrx_word' id='word_1_100' title='bbox 773 1526 821 1583; x_wconf 89' lang='lat' dir='ltr'>est</span> <span class='ocrx_word' id='word_1_101' title='bbox 836 1520 1053 1602; x_wconf 88' lang='lat' dir='ltr'>perspicuum.</span> <span class='ocrx_word' id='word_1_102' title='bbox 1078 1516 1197 1581; x_wconf 88' lang='lat' dir='ltr'>Omnes</span> <span class='ocrx_word' id='word_1_103' title='bbox 1214 1516 1324 1581; x_wconf 88' lang='lat' dir='ltr'>dicent</span> 
     </span>
     <span class='ocr_line' id='line_1_12' title="bbox 196 1619 1323 1705; baseline 0.003 -24"><span class='ocrx_word' id='word_1_104' title='bbox 196 1638 259 1682; x_wconf 92' lang='lat' dir='ltr'>non</span> <span class='ocrx_word' id='word_1_105' title='bbox 284 1638 325 1683; x_wconf 83' lang='lat' dir='ltr'>cx</span> <span class='ocrx_word' id='word_1_106' title='bbox 348 1619 484 1684; x_wconf 86' lang='lat' dir='ltr'>flumine</span> <span class='ocrx_word' id='word_1_107' title='bbox 507 1621 613 1684; x_wconf 85' lang='lat' dir='ltr'>rivum</span> <span class='ocrx_word' id='word_1_108' title='bbox 637 1621 774 1705; x_wconf 88' lang='lat' dir='ltr'>prodire,</span> <span class='ocrx_word' id='word_1_109' title='bbox 798 1620 856 1684; x_wconf 90' lang='lat' dir='ltr'>sed</span> <span class='ocrx_word' id='word_1_110' title='bbox 880 1640 922 1684; x_wconf 81' lang='lat' dir='ltr'>ex</span> <span class='ocrx_word' id='word_1_111' title='bbox 945 1621 1015 1683; x_wconf 85' lang='lat' dir='ltr'>rivo</span> <span class='ocrx_word' id='word_1_112' title='bbox 1040 1619 1172 1683; x_wconf 88' lang='lat' dir='ltr'>flumen.</span> <span class='ocrx_word' id='word_1_113' title='bbox 1202 1619 1251 1684; x_wconf 87' lang='lat' dir='ltr'>lta</span> <span class='ocrx_word' id='word_1_114' title='bbox 1273 1639 1323 1684; x_wconf 90' lang='lat' dir='ltr'>re·</span> 
     </span>
     <span class='ocr_line' id='line_1_13' title="bbox 194 1721 1324 1802; baseline 0.002 -18"><span class='ocrx_word' id='word_1_115' title='bbox 194 1721 328 1785; x_wconf 89' lang='lat' dir='ltr'>stituere</span> <span class='ocrx_word' id='word_1_116' title='bbox 351 1721 440 1784; x_wconf 77' lang='lat' dir='ltr'>volni</span> <span class='ocrx_word' id='word_1_117' title='bbox 465 1722 588 1786; x_wconf 79' lang='lat' dir='ltr'>‘tertius</span> <span class='ocrx_word' id='word_1_118' title='bbox 612 1743 631 1786; x_wconf 92' lang='lat' dir='ltr'>a</span> <span class='ocrx_word' id='word_1_119' title='bbox 653 1723 742 1787; x_wconf 89' lang='lat' dir='ltr'>fonte</span> <span class='ocrx_word' id='word_1_120' title='bbox 765 1723 890 1786; x_wconf 86' lang='lat' dir='ltr'>flumen</span> <span class='ocrx_word' id='word_1_121' title='bbox 913 1742 955 1786; x_wconf 87' lang='lat' dir='ltr'>ex</span> <span class='ocrx_word' id='word_1_122' title='bbox 974 1723 1064 1802; x_wconf 87' lang='lat' dir='ltr'>rivo’,</span> <span class='ocrx_word' id='word_1_123' title='bbox 1087 1721 1144 1786; x_wconf 88' lang='lat' dir='ltr'>sed</span> <span class='ocrx_word' id='word_1_124' title='bbox 1168 1742 1205 1786; x_wconf 90' lang='lat' dir='ltr'>ea</span> <span class='ocrx_word' id='word_1_125' title='bbox 1221 1731 1324 1786; x_wconf 86' lang='lat' dir='ltr'>muta·</span> 
     </span>
     <span class='ocr_line' id='line_1_14' title="bbox 194 1823 1324 1906; baseline 0.002 -18"><span class='ocrx_word' id='word_1_126' title='bbox 194 1824 281 1888; x_wconf 90' lang='lat' dir='ltr'>tione</span> <span class='ocrx_word' id='word_1_127' title='bbox 300 1826 402 1888; x_wconf 86' lang='lat' dir='ltr'>fotum</span> <span class='ocrx_word' id='word_1_128' title='bbox 421 1826 653 1890; x_wconf 89' lang='lat' dir='ltr'>sententiarum</span> <span class='ocrx_word' id='word_1_129' title='bbox 670 1824 815 1889; x_wconf 91' lang='lat' dir='ltr'>ordinem</span> <span class='ocrx_word' id='word_1_130' title='bbox 832 1824 980 1888; x_wconf 90' lang='lat' dir='ltr'>delerem.</span> <span class='ocrx_word' id='word_1_131' title='bbox 1004 1823 1199 1906; x_wconf 90' lang='lat' dir='ltr'>Repetamus</span> <span class='ocrx_word' id='word_1_132' title='bbox 1215 1829 1324 1890; x_wconf 89' lang='lat' dir='ltr'>nostra</span> 
     </span>
     <span class='ocr_line' id='line_1_15' title="bbox 196 1925 1324 2011; baseline 0.004 -23"><span class='ocrx_word' id='word_1_133' title='bbox 196 1927 293 1991; x_wconf 84' lang='lat' dir='ltr'>verba</span> <span class='ocrx_word' id='word_1_134' title='bbox 302 1925 601 2008; x_wconf 72' lang='lat' dir='ltr'>(238l21-10122)</span> <span class='ocrx_word' id='word_1_135' title='bbox 610 1927 682 1991; x_wconf 77' lang='lat' dir='ltr'>‘neo</span> <span class='ocrx_word' id='word_1_136' title='bbox 692 1927 904 1991; x_wconf 84' lang='lat' dir='ltr'>dubitaverim</span> <span class='ocrx_word' id='word_1_137' title='bbox 919 1928 1064 2011; x_wconf 89' lang='lat' dir='ltr'>&lt;patris</span> <span class='ocrx_word' id='word_1_138' title='bbox 1082 1929 1324 2010; x_wconf 75' lang='lat' dir='ltr'>probolen&gt;¹l</span> 
     </span>
     <span class='ocr_line' id='line_1_16' title="bbox 195 2028 1325 2097; baseline 0.002 -4"><span class='ocrx_word' id='word_1_139' title='bbox 195 2031 301 2094; x_wconf 85' lang='lat' dir='ltr'>filium</span> <span class='ocrx_word' id='word_1_140' title='bbox 324 2029 433 2094; x_wconf 89' lang='lat' dir='ltr'>dicere</span> <span class='ocrx_word' id='word_1_141' title='bbox 457 2035 490 2094; x_wconf 90' lang='lat' dir='ltr'>et</span> <span class='ocrx_word' id='word_1_142' title='bbox 511 2028 629 2093; x_wconf 88' lang='lat' dir='ltr'>radicis</span> <span class='ocrx_word' id='word_1_143' title='bbox 654 2033 805 2097; x_wconf 88' lang='lat' dir='ltr'>fruticem</span> <span class='ocrx_word' id='word_1_144' title='bbox 834 2035 865 2096; x_wconf 90' lang='lat' dir='ltr'>et</span> <span class='ocrx_word' id='word_1_145' title='bbox 892 2033 992 2097; x_wconf 84' lang='lat' dir='ltr'>fontis</span> <span class='ocrx_word' id='word_1_146' title='bbox 1020 2033 1159 2096; x_wconf 82' lang='lat' dir='ltr'>fluvium</span> <span class='ocrx_word' id='word_1_147' title='bbox 1188 2035 1221 2095; x_wconf 87' lang='lat' dir='ltr'>et</span> <span class='ocrx_word' id='word_1_148' title='bbox 1247 2031 1325 2095; x_wconf 89' lang='lat' dir='ltr'>solis</span> 
     </span>
     <span class='ocr_line' id='line_1_17' title="bbox 197 2132 1324 2200; baseline 0 -4"><span class='ocrx_word' id='word_1_149' title='bbox 197 2132 320 2198; x_wconf 88' lang='lat' dir='ltr'>radium</span> <span class='ocrx_word' id='word_1_150' title='bbox 424 2153 485 2197; x_wconf 89' lang='lat' dir='ltr'>nec</span> <span class='ocrx_word' id='word_1_151' title='bbox 507 2133 617 2196; x_wconf 80' lang='lat' dir='ltr'>frutex</span> <span class='ocrx_word' id='word_1_152' title='bbox 641 2137 748 2199; x_wconf 83' lang='lat' dir='ltr'>tomen</span> <span class='ocrx_word' id='word_1_153' title='bbox 772 2157 790 2199; x_wconf 86' lang='lat' dir='ltr'>a</span> <span class='ocrx_word' id='word_1_154' title='bbox 814 2135 922 2200; x_wconf 87' lang='lat' dir='ltr'>radice</span> <span class='ocrx_word' id='word_1_155' title='bbox 950 2155 1011 2200; x_wconf 91' lang='lat' dir='ltr'>nec</span> <span class='ocrx_word' id='word_1_156' title='bbox 1038 2135 1161 2199; x_wconf 88' lang='lat' dir='ltr'>fluvius</span> <span class='ocrx_word' id='word_1_157' title='bbox 1190 2155 1208 2198; x_wconf 89' lang='lat' dir='ltr'>a</span> <span class='ocrx_word' id='word_1_158' title='bbox 1236 2133 1324 2196; x_wconf 85' lang='lat' dir='ltr'>fonto</span> 
     </span>
     <span class='ocr_line' id='line_1_18' title="bbox 196 2234 1325 2320; baseline -0.002 -20"><span class='ocrx_word' id='word_1_159' title='bbox 196 2256 257 2300; x_wconf 89' lang='lat' dir='ltr'>neo</span> <span class='ocrx_word' id='word_1_160' title='bbox 279 2235 389 2300; x_wconf 83' lang='lat' dir='ltr'>radius</span> <span class='ocrx_word' id='word_1_161' title='bbox 413 2257 432 2301; x_wconf 88' lang='lat' dir='ltr'>a</span> <span class='ocrx_word' id='word_1_162' title='bbox 455 2237 521 2301; x_wconf 84' lang='lat' dir='ltr'>sole</span> <span class='ocrx_word' id='word_1_163' title='bbox 547 2237 748 2320; x_wconf 85' lang='lat' dir='ltr'>discernitur,</span> <span class='ocrx_word' id='word_1_164' title='bbox 773 2239 857 2302; x_wconf 88' lang='lat' dir='ltr'>sicut</span> <span class='ocrx_word' id='word_1_165' title='bbox 879 2258 940 2303; x_wconf 89' lang='lat' dir='ltr'>nec</span> <span class='ocrx_word' id='word_1_166' title='bbox 964 2261 982 2303; x_wconf 90' lang='lat' dir='ltr'>a</span> <span class='ocrx_word' id='word_1_167' title='bbox 1006 2239 1064 2303; x_wconf 92' lang='lat' dir='ltr'>deo</span> <span class='ocrx_word' id='word_1_168' title='bbox 1084 2236 1208 2302; x_wconf 85' lang='lat' dir='ltr'>sermo’.</span> <span class='ocrx_word' id='word_1_169' title='bbox 1243 2234 1325 2299; x_wconf 81' lang='lat' dir='ltr'>Con·</span> 
     </span>
     <span class='ocr_line' id='line_1_19' title="bbox 197 2339 1325 2424; baseline 0 -21"><span class='ocrx_word' id='word_1_170' title='bbox 197 2339 299 2403; x_wconf 86' lang='lat' dir='ltr'>fertur</span> <span class='ocrx_word' id='word_1_171' title='bbox 320 2340 420 2422; x_wconf 84' lang='lat' dir='ltr'>igitur</span> <span class='ocrx_word' id='word_1_172' title='bbox 442 2343 533 2423; x_wconf 84' lang='lat' dir='ltr'>pater</span> <span class='ocrx_word' id='word_1_173' title='bbox 556 2359 631 2404; x_wconf 89' lang='lat' dir='ltr'>cum</span> <span class='ocrx_word' id='word_1_174' title='bbox 654 2340 761 2406; x_wconf 88' lang='lat' dir='ltr'>radice</span> <span class='ocrx_word' id='word_1_175' title='bbox 785 2342 874 2405; x_wconf 89' lang='lat' dir='ltr'>fonte</span> <span class='ocrx_word' id='word_1_176' title='bbox 898 2341 972 2424; x_wconf 82' lang='lat' dir='ltr'>sole,</span> <span class='ocrx_word' id='word_1_177' title='bbox 996 2341 1085 2405; x_wconf 88' lang='lat' dir='ltr'>filius</span> <span class='ocrx_word' id='word_1_178' title='bbox 1110 2359 1184 2404; x_wconf 91' lang='lat' dir='ltr'>oum</span> <span class='ocrx_word' id='word_1_179' title='bbox 1207 2339 1325 2403; x_wconf 86' lang='lat' dir='ltr'>frutice</span> 
     </span>
     <span class='ocr_line' id='line_1_20' title="bbox 196 2441 1325 2526; baseline -0.002 -20"><span class='ocrx_word' id='word_1_180' title='bbox 196 2443 297 2506; x_wconf 84' lang='lat' dir='ltr'>fluvio</span> <span class='ocrx_word' id='word_1_181' title='bbox 317 2441 416 2507; x_wconf 92' lang='lat' dir='ltr'>radio.</span> <span class='ocrx_word' id='word_1_182' title='bbox 444 2443 545 2507; x_wconf 86' lang='lat' dir='ltr'>Deest</span> <span class='ocrx_word' id='word_1_183' title='bbox 562 2463 651 2508; x_wconf 91' lang='lat' dir='ltr'>nunc</span> <span class='ocrx_word' id='word_1_184' title='bbox 670 2444 764 2507; x_wconf 86' lang='lat' dir='ltr'>tertia</span> <span class='ocrx_word' id='word_1_185' title='bbox 783 2463 892 2508; x_wconf 89' lang='lat' dir='ltr'>rerum</span> <span class='ocrx_word' id='word_1_186' title='bbox 909 2446 1017 2526; x_wconf 73' lang='lat' dir='ltr'>series</span> <span class='ocrx_word' id='word_1_187' title='bbox 1038 2442 1232 2526; x_wconf 83' lang='lat' dir='ltr'>quibuscum</span> <span class='ocrx_word' id='word_1_188' title='bbox 1249 2461 1325 2506; x_wconf 94' lang='lat' dir='ltr'>con-</span> 
     </span>
     <span class='ocr_line' id='line_1_21' title="bbox 196 2545 1327 2629; baseline -0.001 -21"><span class='ocrx_word' id='word_1_189' title='bbox 196 2545 319 2610; x_wconf 85' lang='lat' dir='ltr'>feratur</span> <span class='ocrx_word' id='word_1_190' title='bbox 337 2547 467 2629; x_wconf 88' lang='lat' dir='ltr'>spiritus</span> <span class='ocrx_word' id='word_1_191' title='bbox 487 2549 625 2629; x_wconf 82' lang='lat' dir='ltr'>sanctus,</span> <span class='ocrx_word' id='word_1_192' title='bbox 645 2546 685 2609; x_wconf 89' lang='lat' dir='ltr'>de</span> <span class='ocrx_word' id='word_1_193' title='bbox 705 2565 769 2628; x_wconf 91' lang='lat' dir='ltr'>quo</span> <span class='ocrx_word' id='word_1_194' title='bbox 789 2548 895 2629; x_wconf 83' lang='lat' dir='ltr'>agitur</span> <span class='ocrx_word' id='word_1_195' title='bbox 913 2547 1013 2609; x_wconf 88' lang='lat' dir='ltr'>infra:</span> <span class='ocrx_word' id='word_1_196' title='bbox 1035 2545 1159 2610; x_wconf 80' lang='lat' dir='ltr'>‘tertius</span> <span class='ocrx_word' id='word_1_197' title='bbox 1176 2545 1262 2609; x_wconf 87' lang='lat' dir='ltr'>eninr</span> <span class='ocrx_word' id='word_1_198' title='bbox 1278 2550 1327 2608; x_wconf 90' lang='grc' dir='ltr'>θεῖ</span> 
     </span>
     <span class='ocr_line' id='line_1_22' title="bbox 198 2648 1326 2732; baseline 0.001 -20"><span class='ocrx_word' id='word_1_199' title='bbox 198 2649 328 2732; x_wconf 87' lang='lat' dir='ltr'>spiritus</span> <span class='ocrx_word' id='word_1_200' title='bbox 346 2670 363 2712; x_wconf 89' lang='lat' dir='ltr'>a</span> <span class='ocrx_word' id='word_1_201' title='bbox 380 2649 449 2713; x_wconf 91' lang='lat' dir='ltr'>deo</span> <span class='ocrx_word' id='word_1_202' title='bbox 466 2657 503 2714; x_wconf 88' lang='lat' dir='ltr'>et</span> <span class='ocrx_word' id='word_1_203' title='bbox 518 2650 619 2730; x_wconf 74' lang='lat' dir='ltr'>tilio,</span> <span class='ocrx_word' id='word_1_204' title='bbox 636 2649 722 2712; x_wconf 86' lang='lat' dir='ltr'>sicut</span> <span class='ocrx_word' id='word_1_205' title='bbox 737 2651 851 2713; x_wconf 87' lang='lat' dir='ltr'>tertius</span> <span class='ocrx_word' id='word_1_206' title='bbox 867 2648 1005 2713; x_wconf 90' lang='lat' dir='ltr'>aradice</span> <span class='ocrx_word' id='word_1_207' title='bbox 1016 2649 1142 2713; x_wconf 80' lang='lat' dir='ltr'>fructus</span> <span class='ocrx_word' id='word_1_208' title='bbox 1154 2667 1195 2712; x_wconf 88' lang='lat' dir='ltr'>ex</span> <span class='ocrx_word' id='word_1_209' title='bbox 1208 2648 1326 2713; x_wconf 86' lang='lat' dir='ltr'>frutice</span> 
     </span>
     <span class='ocr_line' id='line_1_23' title="bbox 199 2751 1326 2835; baseline 0 -21"><span class='ocrx_word' id='word_1_210' title='bbox 199 2755 231 2814; x_wconf 90' lang='lat' dir='ltr'>et</span> <span class='ocrx_word' id='word_1_211' title='bbox 248 2753 361 2815; x_wconf 84' lang='lat' dir='ltr'>tertius</span> <span class='ocrx_word' id='word_1_212' title='bbox 380 2771 398 2815; x_wconf 87' lang='lat' dir='ltr'>a</span> <span class='ocrx_word' id='word_1_213' title='bbox 416 2752 505 2815; x_wconf 90' lang='lat' dir='ltr'>fonte</span> <span class='ocrx_word' id='word_1_214' title='bbox 523 2753 614 2815; x_wconf 81' lang='lat' dir='ltr'>rirus</span> <span class='ocrx_word' id='word_1_215' title='bbox 634 2771 675 2816; x_wconf 85' lang='lat' dir='ltr'>ex</span> <span class='ocrx_word' id='word_1_216' title='bbox 694 2753 831 2818; x_wconf 90' lang='lat' dir='ltr'>flumine</span> <span class='ocrx_word' id='word_1_217' title='bbox 839 2756 865 2835; x_wconf 68' lang='lat' dir='ltr'>f)</span> <span class='ocrx_word' id='word_1_218' title='bbox 884 2759 917 2817; x_wconf 90' lang='lat' dir='ltr'>et</span> <span class='ocrx_word' id='word_1_219' title='bbox 935 2755 1048 2817; x_wconf 87' lang='lat' dir='ltr'>tertius</span> <span class='ocrx_word' id='word_1_220' title='bbox 1067 2751 1168 2817; x_wconf 87' lang='lat' dir='ltr'>asole</span> <span class='ocrx_word' id='word_1_221' title='bbox 1184 2770 1266 2834; x_wconf 84' lang='lat' dir='ltr'>apex</span> <span class='ocrx_word' id='word_1_222' title='bbox 1283 2769 1326 2814; x_wconf 81' lang='lat' dir='ltr'>ex</span> 
     </span>
     <span class='ocr_line' id='line_1_24' title="bbox 200 2853 1326 2939; baseline 0 -23"><span class='ocrx_word' id='word_1_223' title='bbox 200 2853 307 2918; x_wconf 88' lang='lat' dir='ltr'>radio’.</span> <span class='ocrx_word' id='word_1_224' title='bbox 345 2854 391 2918; x_wconf 89' lang='lat' dir='ltr'>Ut</span> <span class='ocrx_word' id='word_1_225' title='bbox 407 2853 508 2936; x_wconf 85' lang='lat' dir='ltr'>igitur</span> <span class='ocrx_word' id='word_1_226' title='bbox 523 2860 613 2938; x_wconf 87' lang='lat' dir='ltr'>pater</span> <span class='ocrx_word' id='word_1_227' title='bbox 628 2875 702 2920; x_wconf 90' lang='lat' dir='ltr'>cum</span> <span class='ocrx_word' id='word_1_228' title='bbox 718 2859 837 2939; x_wconf 76' lang='lat' dir='ltr'>primis</span> <span class='ocrx_word' id='word_1_229' title='bbox 856 2855 965 2920; x_wconf 90' lang='lat' dir='ltr'>radice</span> <span class='ocrx_word' id='word_1_230' title='bbox 980 2855 1069 2919; x_wconf 83' lang='lat' dir='ltr'>fonte</span> <span class='ocrx_word' id='word_1_231' title='bbox 1084 2855 1160 2934; x_wconf 81' lang='lat' dir='ltr'>sole,</span> <span class='ocrx_word' id='word_1_232' title='bbox 1184 2860 1222 2918; x_wconf 91' lang='lat' dir='ltr'>ut</span> <span class='ocrx_word' id='word_1_233' title='bbox 1236 2854 1326 2917; x_wconf 91' lang='lat' dir='ltr'>filius</span> 
     </span>
     <span class='ocr_line' id='line_1_25' title="bbox 200 2957 1326 3042; baseline -0.002 -20"><span class='ocrx_word' id='word_1_234' title='bbox 200 2977 273 3022; x_wconf 89' lang='lat' dir='ltr'>cum</span> <span class='ocrx_word' id='word_1_235' title='bbox 293 2958 416 3038; x_wconf 71' lang='lat' dir='ltr'>mediis</span> <span class='ocrx_word' id='word_1_236' title='bbox 435 2958 553 3022; x_wconf 89' lang='lat' dir='ltr'>frutice</span> <span class='ocrx_word' id='word_1_237' title='bbox 572 2958 708 3023; x_wconf 91' lang='lat' dir='ltr'>flumine</span> <span class='ocrx_word' id='word_1_238' title='bbox 727 2960 825 3042; x_wconf 87' lang='lat' dir='ltr'>radio,</span> <span class='ocrx_word' id='word_1_239' title='bbox 849 2960 893 3022; x_wconf 84' lang='lat' dir='ltr'>ita</span> <span class='ocrx_word' id='word_1_240' title='bbox 912 2959 1043 3042; x_wconf 89' lang='lat' dir='ltr'>spiritus</span> <span class='ocrx_word' id='word_1_241' title='bbox 1063 2957 1227 3022; x_wconf 89' lang='lat' dir='ltr'>confertur</span> <span class='ocrx_word' id='word_1_242' title='bbox 1252 2977 1326 3022; x_wconf 91' lang='lat' dir='ltr'>cum</span> 
     </span>
     <span class='ocr_line' id='line_1_26' title="bbox 199 3059 1326 3144; baseline -0.001 -20"><span class='ocrx_word' id='word_1_243' title='bbox 199 3061 328 3143; x_wconf 82' lang='lat' dir='ltr'>ultimis,</span> <span class='ocrx_word' id='word_1_244' title='bbox 347 3061 457 3125; x_wconf 89' lang='lat' dir='ltr'>fructu</span> <span class='ocrx_word' id='word_1_245' title='bbox 472 3061 542 3124; x_wconf 87' lang='lat' dir='ltr'>rivo</span> <span class='ocrx_word' id='word_1_246' title='bbox 560 3063 659 3144; x_wconf 88' lang='lat' dir='ltr'>apice.</span> <span class='ocrx_word' id='word_1_247' title='bbox 692 3061 781 3125; x_wconf 85' lang='lat' dir='ltr'>Ferri</span> <span class='ocrx_word' id='word_1_248' title='bbox 798 3063 860 3125; x_wconf 91' lang='lat' dir='ltr'>iam</span> <span class='ocrx_word' id='word_1_249' title='bbox 878 3081 942 3125; x_wconf 93' lang='lat' dir='ltr'>non</span> <span class='ocrx_word' id='word_1_250' title='bbox 963 3065 1068 3144; x_wconf 88' lang='lat' dir='ltr'>potest</span> <span class='ocrx_word' id='word_1_251' title='bbox 1088 3059 1168 3124; x_wconf 90' lang='lat' dir='ltr'>illud</span> <span class='ocrx_word' id='word_1_252' title='bbox 1184 3059 1326 3144; x_wconf 82' lang='lat' dir='ltr'>‘spiritus</span> 
     </span>
     <span class='ocr_line' id='line_1_27' title="bbox 198 3162 1327 3249; baseline 0 -22"><span class='ocrx_word' id='word_1_253' title='bbox 198 3162 287 3228; x_wconf 89' lang='lat' dir='ltr'>adeo</span> <span class='ocrx_word' id='word_1_254' title='bbox 301 3167 338 3228; x_wconf 89' lang='lat' dir='ltr'>et</span> <span class='ocrx_word' id='word_1_255' title='bbox 348 3163 437 3246; x_wconf 81' lang='lat' dir='ltr'>filio’,</span> <span class='ocrx_word' id='word_1_256' title='bbox 454 3183 528 3227; x_wconf 92' lang='lat' dir='ltr'>cum</span> <span class='ocrx_word' id='word_1_257' title='bbox 545 3165 660 3228; x_wconf 87' lang='lat' dir='ltr'>ceteris</span> <span class='ocrx_word' id='word_1_258' title='bbox 675 3163 756 3228; x_wconf 83' lang='lat' dir='ltr'>locis</span> <span class='ocrx_word' id='word_1_259' title='bbox 766 3165 830 3229; x_wconf 83' lang='lat' dir='ltr'>‘ex&#39;</span> <span class='ocrx_word' id='word_1_260' title='bbox 845 3166 1000 3248; x_wconf 86' lang='lat' dir='ltr'>scriptum</span> <span class='ocrx_word' id='word_1_261' title='bbox 1013 3165 1167 3249; x_wconf 86' lang='lat' dir='ltr'>legamus.</span> <span class='ocrx_word' id='word_1_262' title='bbox 1192 3163 1327 3227; x_wconf 86' lang='lat' dir='ltr'>Minime</span> 
     </span>
     <span class='ocr_line' id='line_1_28' title="bbox 199 3265 1327 3350; baseline -0.002 -20"><span class='ocrx_word' id='word_1_263' title='bbox 199 3286 217 3330; x_wconf 89' lang='lat' dir='ltr'>a</span> <span class='ocrx_word' id='word_1_264' title='bbox 232 3265 341 3330; x_wconf 90' lang='lat' dir='ltr'>radice</span> <span class='ocrx_word' id='word_1_265' title='bbox 358 3267 390 3331; x_wconf 88' lang='lat' dir='ltr'>et</span> <span class='ocrx_word' id='word_1_266' title='bbox 403 3266 521 3330; x_wconf 87' lang='lat' dir='ltr'>frutice</span> <span class='ocrx_word' id='word_1_267' title='bbox 538 3267 663 3331; x_wconf 86' lang='lat' dir='ltr'>fructus</span> <span class='ocrx_word' id='word_1_268' title='bbox 680 3267 798 3350; x_wconf 88' lang='lat' dir='ltr'>prodiit</span> <span class='ocrx_word' id='word_1_269' title='bbox 813 3273 869 3332; x_wconf 87' lang='lat' dir='ltr'>aut</span> <span class='ocrx_word' id='word_1_270' title='bbox 880 3289 899 3332; x_wconf 87' lang='lat' dir='ltr'>a</span> <span class='ocrx_word' id='word_1_271' title='bbox 911 3267 978 3332; x_wconf 87' lang='lat' dir='ltr'>sole</span> <span class='ocrx_word' id='word_1_272' title='bbox 995 3273 1027 3331; x_wconf 90' lang='lat' dir='ltr'>et</span> <span class='ocrx_word' id='word_1_273' title='bbox 1041 3267 1131 3331; x_wconf 89' lang='lat' dir='ltr'>radio</span> <span class='ocrx_word' id='word_1_274' title='bbox 1148 3285 1240 3350; x_wconf 81' lang='lat' dir='ltr'>apex.</span> <span class='ocrx_word' id='word_1_275' title='bbox 1264 3265 1327 3330; x_wconf 85' lang='lat' dir='ltr'>Sed</span> 
     </span>
     <span class='ocr_line' id='line_1_29' title="bbox 199 3368 1328 3453; baseline -0.004 -17"><span class='ocrx_word' id='word_1_276' title='bbox 199 3391 273 3436; x_wconf 93' lang='lat' dir='ltr'>cum</span> <span class='ocrx_word' id='word_1_277' title='bbox 296 3373 391 3436; x_wconf 86' lang='lat' dir='ltr'>antea</span> <span class='ocrx_word' id='word_1_278' title='bbox 414 3371 534 3435; x_wconf 83' lang='lat' dir='ltr'>dixerit</span> <span class='ocrx_word' id='word_1_279' title='bbox 554 3369 722 3447; x_wconf 84' lang='grc' dir='ltr'>προβολήν</span> <span class='ocrx_word' id='word_1_280' title='bbox 750 3389 821 3435; x_wconf 90' lang='grc' dir='ltr'>θεεθ</span> <span class='ocrx_word' id='word_1_281' title='bbox 844 3371 943 3453; x_wconf 91' lang='lat' dir='ltr'>patris</span> <span class='ocrx_word' id='word_1_282' title='bbox 962 3369 1077 3451; x_wconf 81' lang='lat' dir='ltr'>filium,</span> <span class='ocrx_word' id='word_1_283' title='bbox 1096 3370 1160 3432; x_wconf 86' lang='lat' dir='ltr'>iam</span> <span class='ocrx_word' id='word_1_284' title='bbox 1179 3368 1328 3452; x_wconf 90' lang='lat' dir='ltr'>spiritum</span> 
     </span>
     <span class='ocr_line' id='line_1_30' title="bbox 198 3471 1328 3550; baseline 0.003 -17"><span class='ocrx_word' id='word_1_285' title='bbox 198 3472 365 3550; x_wconf 85' lang='grc' dir='ltr'>προβολήν</span> <span class='ocrx_word' id='word_1_286' title='bbox 383 3475 463 3538; x_wconf 89' lang='lat' dir='ltr'>fecit</span> <span class='ocrx_word' id='word_1_287' title='bbox 485 3475 583 3538; x_wconf 90' lang='lat' dir='ltr'>unius</span> <span class='ocrx_word' id='word_1_288' title='bbox 603 3474 674 3538; x_wconf 93' lang='lat' dir='ltr'>filii.</span> <span class='ocrx_word' id='word_1_289' title='bbox 710 3473 827 3538; x_wconf 88' lang='lat' dir='ltr'>Verbis</span> <span class='ocrx_word' id='word_1_290' title='bbox 848 3474 883 3536; x_wconf 77' lang='lat' dir='ltr'>‘a</span> <span class='ocrx_word' id='word_1_291' title='bbox 905 3473 974 3538; x_wconf 88' lang='lat' dir='ltr'>deo</span> <span class='ocrx_word' id='word_1_292' title='bbox 1001 3493 1048 3537; x_wconf 86' lang='lat' dir='ltr'>ex</span> <span class='ocrx_word' id='word_1_293' title='bbox 1070 3472 1172 3536; x_wconf 90' lang='lat' dir='ltr'>filio&#39;</span> <span class='ocrx_word' id='word_1_294' title='bbox 1195 3471 1328 3536; x_wconf 90' lang='lat' dir='ltr'>minime</span> 
     </span>
     <span class='ocr_line' id='line_1_31' title="bbox 200 3575 1326 3660; baseline -0.002 -20"><span class='ocrx_word' id='word_1_295' title='bbox 200 3577 385 3660; x_wconf 80' lang='lat' dir='ltr'>obloquitur</span> <span class='ocrx_word' id='word_1_296' title='bbox 407 3577 496 3660; x_wconf 89' lang='lat' dir='ltr'>prior</span> <span class='ocrx_word' id='word_1_297' title='bbox 517 3577 571 3641; x_wconf 90' lang='lat' dir='ltr'>ille</span> <span class='ocrx_word' id='word_1_298' title='bbox 595 3577 686 3641; x_wconf 91' lang='lat' dir='ltr'>locus</span> <span class='ocrx_word' id='word_1_299' title='bbox 705 3579 743 3657; x_wconf 91' lang='lat' dir='ltr'>(c.</span> <span class='ocrx_word' id='word_1_300' title='bbox 756 3577 804 3640; x_wconf 88' lang='lat' dir='ltr'>IV</span> <span class='ocrx_word' id='word_1_301' title='bbox 821 3575 1071 3658; x_wconf 73' lang='grc' dir='ltr'>232ῖ5-5110),</span> <span class='ocrx_word' id='word_1_302' title='bbox 1094 3575 1151 3640; x_wconf 91' lang='lat' dir='ltr'>ubi</span> <span class='ocrx_word' id='word_1_303' title='bbox 1168 3575 1326 3660; x_wconf 87' lang='lat' dir='ltr'>legimus:</span> 
     </span>
     <span class='ocr_line' id='line_1_32' title="bbox 199 3678 1329 3763; baseline -0.002 -20"><span class='ocrx_word' id='word_1_304' title='bbox 199 3680 290 3763; x_wconf 81' lang='lat' dir='ltr'>&#39;quia</span> <span class='ocrx_word' id='word_1_305' title='bbox 324 3680 472 3763; x_wconf 86' lang='lat' dir='ltr'>spiritum</span> <span class='ocrx_word' id='word_1_306' title='bbox 503 3701 569 3744; x_wconf 91' lang='lat' dir='ltr'>non</span> <span class='ocrx_word' id='word_1_307' title='bbox 601 3679 732 3744; x_wconf 87' lang='lat' dir='ltr'>aliunde</span> <span class='ocrx_word' id='word_1_308' title='bbox 766 3678 928 3762; x_wconf 85' lang='lat' dir='ltr'>&lt;de&gt;puto</span> <span class='ocrx_word' id='word_1_309' title='bbox 962 3699 1059 3761; x_wconf 90' lang='lat' dir='ltr'>quam</span> <span class='ocrx_word' id='word_1_310' title='bbox 1090 3699 1109 3742; x_wconf 89' lang='lat' dir='ltr'>a</span> <span class='ocrx_word' id='word_1_311' title='bbox 1140 3683 1230 3762; x_wconf 87' lang='lat' dir='ltr'>patro</span> <span class='ocrx_word' id='word_1_312' title='bbox 1263 3697 1329 3761; x_wconf 90' lang='lat' dir='ltr'>per</span> 
     </span>
     <span class='ocr_line' id='line_1_33' title="bbox 199 3781 1328 3867; baseline -0.003 -21"><span class='ocrx_word' id='word_1_313' title='bbox 199 3782 360 3863; x_wconf 88' lang='lat' dir='ltr'>filium&#39;;</span> <span class='ocrx_word' id='word_1_314' title='bbox 392 3784 439 3848; x_wconf 89' lang='lat' dir='ltr'>sic</span> <span class='ocrx_word' id='word_1_315' title='bbox 468 3784 612 3848; x_wconf 86' lang='lat' dir='ltr'>fructum</span> <span class='ocrx_word' id='word_1_316' title='bbox 642 3783 738 3848; x_wconf 83' lang='lat' dir='ltr'>etiam</span> <span class='ocrx_word' id='word_1_317' title='bbox 767 3803 783 3846; x_wconf 91' lang='lat' dir='ltr'>a</span> <span class='ocrx_word' id='word_1_318' title='bbox 812 3781 921 3848; x_wconf 83' lang='lat' dir='ltr'>radice</span> <span class='ocrx_word' id='word_1_319' title='bbox 950 3801 1008 3867; x_wconf 91' lang='lat' dir='ltr'>per</span> <span class='ocrx_word' id='word_1_320' title='bbox 1035 3781 1187 3847; x_wconf 80' lang='lat' dir='ltr'>fruticem</span> <span class='ocrx_word' id='word_1_321' title='bbox 1216 3781 1328 3846; x_wconf 85' lang='lat' dir='ltr'>venire</span> 
     </span>
    </p>
   </div>
   <div class='ocr_carea' id='block_1_3' title="bbox 200 3927 1330 4426">
    <p class='ocr_par' dir='ltr' id='par_1_4' title="bbox 200 3927 1329 4087">
     <span class='ocr_line' id='line_1_34' title="bbox 293 3927 1329 4002; baseline -0.003 -16"><span class='ocrx_word' id='word_1_322' title='bbox 293 3932 313 4002; x_wconf 89' lang='lat'>¹)</span> <span class='ocrx_word' id='word_1_323' title='bbox 332 3932 363 3986; x_wconf 93' lang='lat' dir='ltr'>In</span> <span class='ocrx_word' id='word_1_324' title='bbox 386 3931 515 3986; x_wconf 87' lang='lat' dir='ltr'>codicum</span> <span class='ocrx_word' id='word_1_325' title='bbox 539 3931 660 3986; x_wconf 89' lang='lat' dir='ltr'>lectione</span> <span class='ocrx_word' id='word_1_326' title='bbox 684 3930 790 4000; x_wconf 84' lang='lat' dir='ltr'>aliquid</span> <span class='ocrx_word' id='word_1_327' title='bbox 814 3930 914 3986; x_wconf 86' lang='lat' dir='ltr'>deesse</span> <span class='ocrx_word' id='word_1_328' title='bbox 937 3931 1007 3984; x_wconf 85' lang='lat' dir='ltr'>setis</span> <span class='ocrx_word' id='word_1_329' title='bbox 1026 3931 1150 3999; x_wconf 82' lang='lat' dir='ltr'>apparet.</span> <span class='ocrx_word' id='word_1_330' title='bbox 1180 3927 1250 3983; x_wconf 89' lang='lat' dir='ltr'>Cum</span> <span class='ocrx_word' id='word_1_331' title='bbox 1269 3932 1329 3984; x_wconf 87' lang='lat' dir='ltr'>toto</span> 
     </span>
     <span class='ocr_line' id='line_1_35' title="bbox 200 4015 1113 4087; baseline -0.001 -17"><span class='ocrx_word' id='word_1_332' title='bbox 200 4017 254 4072; x_wconf 89' lang='lat' dir='ltr'>hoc</span> <span class='ocrx_word' id='word_1_333' title='bbox 273 4017 366 4086; x_wconf 86' lang='lat' dir='ltr'>capite</span> <span class='ocrx_word' id='word_1_334' title='bbox 385 4017 420 4071; x_wconf 91' lang='lat' dir='ltr'>de</span> <span class='ocrx_word' id='word_1_335' title='bbox 439 4017 554 4086; x_wconf 87' lang='lat' dir='ltr'>probole</span> <span class='ocrx_word' id='word_1_336' title='bbox 573 4019 681 4087; x_wconf 78' lang='lat' dir='ltr'>agatur,</span> <span class='ocrx_word' id='word_1_337' title='bbox 701 4015 779 4071; x_wconf 87' lang='lat' dir='ltr'>illam</span> <span class='ocrx_word' id='word_1_338' title='bbox 798 4016 838 4070; x_wconf 91' lang='lat' dir='ltr'>ibi</span> <span class='ocrx_word' id='word_1_339' title='bbox 857 4015 986 4070; x_wconf 90' lang='lat' dir='ltr'>desidero</span> <span class='ocrx_word' id='word_1_340' title='bbox 1004 4031 1113 4070; x_wconf 85' lang='lat' dir='ltr'>vocem.</span> 
     </span>
    </p>

    <p class='ocr_par' dir='ltr' id='par_1_5' title="bbox 201 4097 1330 4426">
     <span class='ocr_line' id='line_1_36' title="bbox 292 4097 1328 4172; baseline -0.003 -16"><span class='ocrx_word' id='word_1_341' title='bbox 292 4102 447 4170; x_wconf 80' lang='lat' dir='ltr'>¹)F1umen</span> <span class='ocrx_word' id='word_1_342' title='bbox 470 4117 528 4156; x_wconf 93' lang='lat' dir='ltr'>non</span> <span class='ocrx_word' id='word_1_343' title='bbox 551 4101 690 4172; x_wconf 81' lang='lat' dir='ltr'>significat</span> <span class='ocrx_word' id='word_1_344' title='bbox 713 4100 751 4154; x_wconf 92' lang='lat' dir='ltr'>ibi</span> <span class='ocrx_word' id='word_1_345' title='bbox 770 4101 869 4166; x_wconf 80' lang='lat' dir='ltr'>strom,</span> <span class='ocrx_word' id='word_1_346' title='bbox 889 4099 939 4154; x_wconf 89' lang='lat' dir='ltr'>sed</span> <span class='ocrx_word' id='word_1_347' title='bbox 956 4101 1008 4152; x_wconf 80' lang='lat' dir='ltr'>dae</span> <span class='ocrx_word' id='word_1_348' title='bbox 1026 4097 1186 4167; x_wconf 64' lang='lat' dir='ltr'>Repende.</span> <span class='ocrx_word' id='word_1_349' title='bbox 1214 4099 1328 4153; x_wconf 80' lang='lat' dir='ltr'>Auctori</span> 
     </span>
     <span class='ocr_line' id='line_1_37' title="bbox 201 4182 1329 4257; baseline -0.002 -17"><span class='ocrx_word' id='word_1_350' title='bbox 201 4191 312 4252; x_wconf 88' lang='lat' dir='ltr'>nostro,</span> <span class='ocrx_word' id='word_1_351' title='bbox 338 4186 385 4256; x_wconf 89' lang='lat' dir='ltr'>qui</span> <span class='ocrx_word' id='word_1_352' title='bbox 410 4185 466 4242; x_wconf 87' lang='lat' dir='ltr'>iam</span> <span class='ocrx_word' id='word_1_353' title='bbox 490 4185 570 4256; x_wconf 74' lang='lat' dir='ltr'>239l2</span> <span class='ocrx_word' id='word_1_354' title='bbox 588 4184 693 4257; x_wconf 71' lang='lat' dir='ltr'>(10l30)</span> <span class='ocrx_word' id='word_1_355' title='bbox 713 4185 835 4240; x_wconf 80' lang='lat' dir='ltr'>‘flumen&#39;</span> <span class='ocrx_word' id='word_1_356' title='bbox 853 4185 977 4253; x_wconf 87' lang='lat' dir='ltr'>praebet,</span> <span class='ocrx_word' id='word_1_357' title='bbox 1003 4182 1133 4238; x_wconf 85' lang='lat' dir='ltr'>flumen</span> <span class='ocrx_word' id='word_1_358' title='bbox 1152 4187 1180 4238; x_wconf 88' lang='lat' dir='ltr'>et</span> <span class='ocrx_word' id='word_1_359' title='bbox 1203 4183 1329 4238; x_wconf 81' lang='lat' dir='ltr'>fluvius</span> 
     </span>
     <span class='ocr_line' id='line_1_38' title="bbox 203 4267 1330 4338; baseline -0.002 -12"><span class='ocrx_word' id='word_1_360' title='bbox 203 4271 323 4327; x_wconf 87' lang='lat' dir='ltr'>eandem</span> <span class='ocrx_word' id='word_1_361' title='bbox 341 4271 447 4326; x_wconf 83' lang='lat' dir='ltr'>hebent</span> <span class='ocrx_word' id='word_1_362' title='bbox 465 4270 623 4337; x_wconf 87' lang='lat' dir='ltr'>notionem;</span> <span class='ocrx_word' id='word_1_363' title='bbox 647 4286 703 4325; x_wconf 83' lang='lat' dir='ltr'>vox</span> <span class='ocrx_word' id='word_1_364' title='bbox 721 4268 807 4336; x_wconf 82' lang='lat' dir='ltr'>fluvii,</span> <span class='ocrx_word' id='word_1_365' title='bbox 831 4269 898 4336; x_wconf 87' lang='lat' dir='ltr'>quia</span> <span class='ocrx_word' id='word_1_366' title='bbox 916 4272 1025 4324; x_wconf 87' lang='lat' dir='ltr'>mature</span> <span class='ocrx_word' id='word_1_367' title='bbox 1048 4267 1206 4336; x_wconf 83' lang='lat' dir='ltr'>interierat,</span> <span class='ocrx_word' id='word_1_368' title='bbox 1230 4271 1330 4338; x_wconf 88' lang='lat' dir='ltr'>postea</span> 
     </span>
     <span class='ocr_line' id='line_1_39' title="bbox 201 4353 1266 4426; baseline -0.001 -15"><span class='ocrx_word' id='word_1_369' title='bbox 201 4357 238 4412; x_wconf 88' lang='lat' dir='ltr'>ab</span> <span class='ocrx_word' id='word_1_370' title='bbox 257 4355 419 4412; x_wconf 84' lang='lat' dir='ltr'>auctoribus</span> <span class='ocrx_word' id='word_1_371' title='bbox 438 4355 531 4412; x_wconf 89' lang='lat' dir='ltr'>denuo</span> <span class='ocrx_word' id='word_1_372' title='bbox 549 4360 684 4426; x_wconf 75' lang='lat' dir='ltr'>usurpata</span> <span class='ocrx_word' id='word_1_373' title='bbox 703 4360 746 4411; x_wconf 87' lang='lat' dir='ltr'>est</span> <span class='ocrx_word' id='word_1_374' title='bbox 765 4355 865 4410; x_wconf 85' lang='lat' dir='ltr'>eadem</span> <span class='ocrx_word' id='word_1_375' title='bbox 883 4353 1088 4425; x_wconf 80' lang='lat' dir='ltr'>significatione</span> <span class='ocrx_word' id='word_1_376' title='bbox 1107 4369 1141 4409; x_wconf 84' lang='lat' dir='ltr'>ac</span> <span class='ocrx_word' id='word_1_377' title='bbox 1154 4354 1266 4410; x_wconf 86' lang='lat' dir='ltr'>flumen.</span> 
     </span>
    </p>
   </div>
   <div class='ocr_carea' id='block_1_4' title="bbox 0 0 1695 4930">
    <p class='ocr_par' dir='ltr' id='par_1_6' title="bbox 0 0 1695 4930">
     <span class='ocr_line' id='line_1_40' title="bbox 0 0 1695 4930; baseline 0 0"><span class='ocrx_word' id='word_1_378' title='bbox 0 0 1695 4930; x_wconf 95' lang='lat' dir='ltr'> </span> 
     </span>
    </p>
   </div>
  </div>
 </body>
</html>
