3308 4938
372 419 414 482 86
667 420 670 426 ’
737 421 874 490 Ludwig
893 421 1135 490 Rosenmeyer,

463 593 946 676 264ll-3ll41lroymannns
974 594 1008 655 in
1033 591 1173 656 editione
1197 592 1320 655 minore
1345 593 1432 654 reete
1455 609 1506 654 re·

373 701 492 765 stituit:
514 699 623 763 'aliurn
643 716 822 762 sermonem
842 697 894 760 dei
914 695 1076 776 <habea>
1097 693 1196 758 alium
1216 693 1312 758 deum
1329 744 1336 757 .
1355 744 1385 756 ..
1405 693 1506 757 alium

373 823 431 886 per
455 821 558 884 quemv
576 801 691 882 omnia,
715 799 812 864 alium
838 821 857 863 a
880 819 943 882 quo
968 797 1095 862 omnia?

462 905 574 970 Statim
605 907 768 968 vertamur
795 903 835 966 ad
863 903 972 967 locum
1000 899 1123 966 264l11
1154 899 1297 983 (erute
1322 900 1428 965 ‘euius
1457 902 1508 964 est

374 1009 521 1074 dilectus’
552 1007 616 1072 diei
646 1026 712 1070 non
741 1025 836 1090 passe
864 1005 1003 1070 libenter
1025 1004 1235 1087 Kroymanno
1259 1002 1415 1085 concedo,
1447 1003 1507 1067 sed

373 1132 452 1176 num
479 1116 567 1176 recte
591 1110 727 1174 ‘dictus’
751 1109 941 1189 restituerit,
971 1109 1090 1173 neseio.
1136 1107 1352 1172 Tertullianus
1383 1105 1423 1170 ad
1448 1125 1506 1171 eos

374 1215 551 1299 scripturae
579 1214 667 1277 locos
694 1213 839 1296 respicit,
874 1213 932 1294 qui
959 1211 999 1276 de
1028 1211 1185 1296 baptismo
1213 1210 1287 1275 lesu
1316 1214 1423 1294 agunt
1467 1210 1509 1273 In

373 1319 430 1382 Er.
455 1337 516 1381 sao.
541 1316 607 1380 loh.
628 1316 644 1379 Ι
666 1317 707 1380 29
732 1315 887 1399 scriptum
911 1314 1064 1399 legimus:
1090 1313 1236 1393 Ἰωάννη(
1255 1365 1260 1377 .
1279 1363 1285 1376 .
1303 1364 1309 1376 .
1328 1315 1425 1388 λέγει·
1444 1312 1508 1378 Ἴδε

375 1422 393 1486 6
426 1422 525 1498 ἀμνὸε
556 1423 615 1484 τοῦ
648 1423 725 1483 θεοῦ
750 1469 817 1495 ...,
849 1419 907 1482 36;
942 1421 991 1482 καὶ
1023 1419 1182 1496 recreant
1216 1422 1262 1500 τῷ
1292 1418 1389 1496 Ἰηεοῦ
1421 1437 1509 1494 περι·

373 1526 525 1588 πατοῦντι
554 1524 651 1597 λέγει·
677 1521 739 1586 Ἴδε
771 1523 789 1586 ὁ
822 1522 920 1600 ἀμνὸε
949 1524 1009 1586 τοῦ
1042 1522 1126 1584 θεοῦ.
1167 1519 1229 1585 Sed
1260 1519 1405 1603 opinioni
1432 1519 1509 1584 Τοι-

374 1626 500 1691 tulliani
524 1626 620 1689 etiam
643 1627 744 1709 magis
769 1624 856 1689 taret
879 1625 959 1688 alter
981 1623 1036 1688 ille
1060 1623 1159 1705 locus,
1184 1643 1247 1705 quo
1267 1643 1329 1686 vox
1349 1625 1509 1704 narratur,

375 1747 489 1811 quaec
505 1727 593 1791 caelo
607 1727 748 1792 venerit:
770 1729 806 1792 cir
825 1723 852 1791 εἷ
870 1728 889 1791 ὁ
909 1728 976 1792 υἱόε
996 1749 1058 1806 μου
1081 1727 1099 1790 6
1119 1726 1282 1804 ἀγοιιητόε
1299 1725 1367 1808 (Εν.
1381 1725 1510 1790 Marcl

377 1831 432 1908 11;
457 1829 533 1894 Luc.
551 1830 600 1893 ΠΙ
617 1831 675 1910 22;
702 1831 740 1895 ef.
758 1834 790 1895 et
808 1831 849 1894 H.
870 1851 917 1914 ep.
935 1831 1018 1894 Petr.
1035 1830 1051 1893 Ι
1070 1832 1130 1912 17),
1151 1829 1234 1894 hano
1252 1831 1386 1913 respicit
1402 1831 1438 1892 in
1458 1849 1509 1894 se·

375 1933 548 2016 quentibus
572 1932 671 1997 ‘certe
694 1934 784 1997 filius
808 1933 858 1998 dei
884 1953 1012 2017 semper
1037 1937 1092 2014 (so.
1110 1932 1326 2016 designatus)’.
1361 1931 1428 1996 Iam
1458 1951 1510 1996 re-

376 2041 538 2101 vertamur
561 2036 601 2099 ad
625 2035 763 2118 initium,
791 2035 848 2099 ubi
872 2036 959 2100 ‘inde
983 2036 1066 2101 etsi
1091 2086 1097 2099 .
1119 2085 1125 2098 .
1147 2034 1166 2099 .’
1190 2034 1278 2099 nullo
1307 2033 1402 2098 modo
1430 2035 1510 2099 terri

375 2141 487 2222 potest.
530 2137 690 2202 Brevibus
713 2139 882 2203 sententiis
905 2137 1138 2223 principalibus
1163 2138 1315 2222 exprimit
1337 2143 1451 2202 auctor
1473 2137 1509 2201 id

376 2241 462 2325 quod
486 2241 594 2305 dicere
618 2241 704 2318 vult;
730 2243 769 2306 cf.
789 2261 903 2325 supra:

484 2344 548 2409 ‘hic
571 2364 647 2428 ergo
672 2365 746 2409 earo
769 2345 876 2410 faetus
901 2347 957 2426 est
981 2364 1044 2408 non
1071 2345 1147 2427 ipse,
1171 2344 1265 2408 cuius
1289 2349 1357 2407 erat

1075 2465 1197 2522 sermo;

409 2588 410 2592 =
484 2550 580 2613 huius
603 2549 706 2633 gloria
728 2552 798 2613 visa
821 2553 870 2614 est
893 2557 1052 2632 tamquam
1078 2550 1168 2613 unici
1192 2570 1210 2612 a
1233 2553 1331 2632 patre,
1356 2569 1420 2613 non

1075 2655 1238 2735 tamquam
1262 2653 1376 2736 patris;

484 2753 537 2819 hio
560 2754 678 2819 unicus
703 2755 810 2818 sinum
830 2755 929 2838 patris
949 2753 1109 2837 disseruit
1132 2775 1198 2820 non
1218 2755 1324 2819 sinum
1344 2773 1440 2818 sunm

1076 2859 1186 2942 pater?

466 2960 578 3044 Itaque
598 2959 740 3025 scribere
759 2961 857 3024 velim
878 2981 919 3023 ex
935 2961 1181 3025 Reitzensteinii
1198 2962 1400 3026 coniectura:
1420 2958 1506 3024 'inde

377 3067 409 3127 et
433 3062 484 3148 [si]
509 3083 610 3148 agnus
634 3063 686 3127 dei
710 3063 749 3128 ab
770 3064 913 3128 Iohanne
937 3063 1131 3148 designatur,
1155 3084 1219 3129 non
1243 3066 1321 3148 ipsa,
1346 3065 1440 3128 cuius
1461 3065 1509 3128 est

377 3173 517 3250 <agnus
541 3170 600 3246 et>
625 3167 763 3233 dilectus
788 3173 874 3232 certe
897 3168 987 3231 tilius
1011 3166 1063 3232 dei
1086 3187 1213 3251 semper
1235 3172 1284 3248 (ac.
1301 3167 1507 3251 designatur),

375 3269 433 3334 sed
457 3291 523 3335 non
546 3271 623 3354 ipse,
648 3271 742 3335 euius
763 3277 812 3335 est
829 3270 939 3335 filius?
970 3271 1081 3335 Potuit
1104 3273 1204 3354 certe,
1228 3271 1283 3336 sed
1309 3291 1373 3335 non
1398 3269 1509 3334 debuit

376 3393 434 3457 pro
450 3373 557 3438 verbis
570 3373 675 3438 ‘ouius
685 3374 747 3438 est’
760 3373 856 3439 etiam
872 3373 1014 3438 scribere
1026 3373 1132 3438 ‘cuius
1148 3379 1198 3438 est
1213 3374 1339 3456 dictus’,
1357 3373 1397 3438 et.
1407 3369 1506 3440 27817

376 3474 503 3558 (42131)
530 3477 627 3542 ‘sicut
655 3496 730 3560 ergo
759 3495 864 3542 sermo
892 3476 946 3542 dei
973 3497 1039 3541 non
1067 3480 1116 3542 est
1142 3479 1226 3562 ipse,
1254 3477 1348 3542 euius
1376 3479 1437 3558 est,
1464 3477 1508 3539 ita

377 3597 438 3644 noc
461 3579 602 3662 spiritus,
631 3583 663 3644 et
685 3580 712 3643 si
737 3579 789 3644 dei
813 3580 919 3645 dictus
943 3586 999 3663 est,
1023 3600 1088 3644 non
1111 3585 1218 3645 tamen
1241 3581 1312 3664 ipse
1335 3584 1392 3661 est
1417 3581 1509 3644 cuius

377 3688 427 3745 est
455 3680 560 3746 dictus
589 3682 660 3746 etc?
694 3683 813 3766 Restat,
844 3689 879 3746 ut
907 3683 947 3747 de
971 3683 1067 3747 ‘inde’
1092 3682 1214 3766 aliquid
1242 3683 1395 3764 dicamne,
1424 3681 1509 3765 quod

377 3803 450 3848 raro
475 3784 559 3869 apud
577 3785 811 3850 Tertullianum
835 3787 1072 3851 coniunctionis
1096 3787 1233 3851 causalis
1256 3787 1329 3851 vice
1347 3786 1508 3870 iungitur:

378 3907 446 3972 cap.
463 3887 581 3952 XXlll
603 3889 741 3970 (271l14
755 3892 830 3954 -37
837 3889 882 3971 19)
907 3889 993 3955 ‘inde
1021 3891 1158 3972 (dorum)
1186 3889 1311 3954 seilicet
1336 3889 1511 3954 suffecerat

376 3992 439 4056 filii
472 3990 511 4056 ad
544 3997 666 4076 patrem
698 4013 761 4057 vox
782 4043 788 4056 .
809 4043 815 4056 .
836 3993 854 4056 .'
885 4030 930 4040 —
963 3991 1002 4058 de
1033 4013 1096 4076 quo
1127 3993 1198 4058 looo
1229 3993 1304 4057 vide
1334 3992 1419 4056 intra
1450 4011 1508 4071 -3

378 4095 512 4179 Apolog.
523 4093 650 4159 XLVII
666 4095 826 4178 (Oetlarea
837 4096 861 4161 I
870 4118 904 4182 p.
915 4095 1030 4176 28618)
1042 4097 1142 4178 'Inda
1155 4097 1276 4180 opinor,
1296 4101 1328 4160 et
1343 4117 1362 4160 a
1378 4095 1511 4178 quibus·

379 4197 452 4261 dam
480 4197 682 4281 philosophia
709 4219 838 4282 quoque
866 4201 969 4265 eieeta
996 4203 1052 4278 est,
1069 4249 1075 4262 .
1093 4251 1099 4262 .
1117 4199 1135 4262 .’
1164 4199 1204 4264 cf.
1227 4199 1267 4262 ad
1291 4217 1360 4288 rem
1383 4197 1511 4282 Happel

377 4299 397 4362 l.
414 4299 433 4361 l.
457 4319 486 4383 p.
506 4301 577 4364 111.
616 4299 765 4365 Fortasse
793 4301 889 4366 ‘inde’
919 4301 971 4383 (=
992 4304 1117 4384 dorum)
1148 4305 1180 4366 at
1210 4305 1319 4366 nostro
1348 4301 1418 4366 loco
1446 4320 1512 4366 ser·
