3096 4924
267 448 459 516 Quaestiones
481 445 596 502 criticae
614 445 643 499 in
661 444 857 514 Aristophanis
875 445 993 499 fabulas.
1132 437 1195 498 149

107 653 153 689 ess.
216 618 451 683 Seu-Bona
914 616 942 680 R

87 738 155 800 1020
178 736 382 801 ἐκεκάλευεον
808 732 1051 816 ἐκεάλευεονῒ)

87 841 153 902 1061
178 840 281 918 μηκέτ’
300 839 419 922 ἀποδῷ
452 837 552 901 schol.
580 837 608 902 R
662 837 766 916 μηκέτ’
781 837 927 901 ἀποδιδῶ
947 837 1078 920 (omisso
1096 857 1104 898 1
1123 833 1198 898 sub-

178 943 293 1024 legisse
321 945 461 1026 apparet
490 960 531 1004 er
556 939 608 1004 ad·
662 943 734 1020 sor.)
745 941 913 1004 Acrisium
924 941 1048 1023 ἀποδῷ,
1061 937 1118 1021 qui
1131 941 1198 1002 arte

179 1047 356 1109 notatione:
393 1045 464 1109 ἀντὶ
495 1045 608 1126 ἀποδῷ
662 1043 1200 1128 grammaticaposiulatur‚Meine-

179 1153 252 1228 uap'
269 1149 442 1213 ὑπόνοιαν.
663 1147 736 1211 liius
753 1148 894 1211 servavit
909 1153 941 1210 et
956 1147 1089 1230 Sergius
1102 1144 1200 1209 Sobo-

662 1249 1200 1334 lewski(SyntaxisAristophaneae

665 1355 769 1438 capita
785 1355 905 1418 selecta
917 1353 956 1417 de
968 1353 1202 1418 sententiarum

664 1455 936 1522 condicionalium
976 1453 1202 1539 temporalium

664 1561 870 1624 relativarum
908 1559 1021 1623 formis
1060 1561 1092 1621 et
1129 1576 1202 1638 usu,

665 1683 694 1746 p.
714 1665 789 1746 162)
812 1662 966 1748 probavit.

92 1769 160 1830 1255
182 1769 256 1850 ᾇπερ
278 1769 375 1851 (άπερ
397 1767 498 1850 Δ·)·))
864 1767 1007 1852 άιαερῇι

604 2017 675 2094 §a

166 2167 318 2244 Quoniam
339 2167 577 2249 discrepantias
596 2167 771 2248 attulimus
791 2167 830 2230 ad
847 2187 902 2231 eos
918 2167 1005 2231 locos
1022 2165 1205 2230 tructandos

95 2270 302 2352 aggrediamur,
320 2289 406 2352 quos
423 2270 576 2333 asterisco
593 2271 830 2353 insignivimus.
855 2273 903 2334 Ac
919 2271 1057 2354 primum
1075 2267 1206 2352 quidem

96 2373 127 2436 de
147 2374 319 2458 Equitum
343 2371 496 2437 versibus
520 2371 692 2436 dicendum
715 2373 808 2436 nobis
832 2377 887 2438 esi.

168 2477 201 2540 ln
217 2499 245 2540 v.
258 2481 325 2541 433
344 2477 373 2540 R
389 2475 523 2559 praebet
538 2478 652 2540 κλαίειν
669 2497 700 2540 εε
716 2477 823 2540 πολλὰ
835 2479 992 2558 κελεύεαε,
1007 2477 1034 2536 V
1048 2479 1080 2540 et
1092 2477 1207 2538 lemma

97 2581 175 2643 schol.
187 2583 213 2642 λ’
230 2583 335 2645 κλάειν
359 2601 393 2644 εε
415 2582 519 2657 μακρὰ
539 2581 684 2644 κελεύων.
714 2579 878 2642 Acrisium
899 2580 1045 2645 κελεύεαε
1064 2583 1100 2644 ut
1117 2599 1208 2662 prae·

99 2685 163 2744 senti
185 2687 327 2748 κελεύων
350 2683 582 2766 praeferamus
607 2683 676 2765 ipso
701 2685 855 2746 contextu
879 2683 1033 2746 orationis
1053 2683 1207 2764 cogimur.

99 2786 192 2870 Neque
214 2789 353 2852 dubium
377 2791 434 2866 est,
462 2788 540 2870 quin
565 2786 759 2850 adiectivum
784 2787 896 2868 πολλά,
921 2785 1007 2870 quod
1031 2785 1116 2849 haud
1140 2787 1207 2848 seio

100 2909 131 2952 an
150 2913 164 2955 e
185 2893 247 2957 fine
272 2914 302 2955 v.
322 2895 389 2954 435
410 2893 574 2955 invectum
594 2891 643 2972 sit,
667 2891 745 2954 ferri
765 2893 919 2972 nequeat3
945 2891 1102 2954 terminus
1122 2891 1206 2954 onim

99 2995 241 3058 ieehnieus
261 3001 314 3059 est
332 2996 437 3058 κλάειν
458 2995 568 3074 μακρά,
592 3014 618 3056 e.
637 3015 666 3076 g.
685 2995 720 3055 in
739 2993 787 3056 Pl.
806 2995 879 3076 612,
898 2993 951 3058 Th.
970 2995 1043 3075 212,
1057 2993 1116 3077 Vp.
1135 2995 1208 3055 584.

101 3093 137 3157 Ci.
161 3099 247 3160 etiarn
279 3097 404 3160 similes
433 3097 612 3160 locutiones
641 3099 673 3160 in
698 3096 749 3160 Is.
776 3099 839 3160 520
868 3097 1070 3164 ύτοτύξεεθαι
1099 3097 1209 3176 μακρά,

102 3201 148 3260 λι.
165 3201 238 3264 1201
266 3207 301 3264 et
324 3199 371 3263 Pl.
392 3201 453 3262 111
479 3201 603 3277 οἰμώξει
624 3201 735 3282 μακρά,
760 3199 877 3281 quibus
901 3199 1027 3263 dnobus
1051 3200 1130 3262 locis
1151 3199 1210 3262 RV

103 3304 201 3379 μακράν
229 3301 397 3367 exhibent.
434 3301 535 3378 Quam
564 3303 734 3366 lectionem
763 3303 821 3366 RV
841 3304 879 3366 A.
899 3303 1148 3366 Kreisehmarus
1176 3303 1209 3364 in

103 3401 190 3467 libello
216 3405 420 3470 accademioo
450 3405 519 3468 “De
548 3405 716 3469 Menandri
745 3405 893 3488 reliquiis
920 3425 1026 3490 nuper
1053 3405 1210 3488 reperiis'

103 3503 218 3588 (Lipsiae
238 3511 347 3590 1906),
377 3529 405 3592 p.
427 3509 470 3570 44
500 3509 571 3572 iure
598 3508 783 3592 probaverit
809 3529 920 3590 necne,
950 3509 1003 3572 hic
1031 3509 1210 3572 diiudicare

104 3627 154 3670 non
175 3611 310 3676 alienum
335 3619 393 3676 est.
429 3611 630 3695 Quapropter
652 3613 716 3675 iam
740 3631 950 3694 congeramus
969 3612 1067 3694 locos,
1092 3611 1210 3695 quibus

107 3717 188 3791 μακρά
209 3725 238 3780 et
260 3719 387 3797 μακράν
413 3735 487 3780 oum
510 3715 616 3780 verbis
640 3715 764 3778 flendi
789 3717 961 3780 coniuncta
983 3717 1210 3779 inveniuntur:

177 3818 225 3882 Εο.
244 3823 309 3884 425
342 3821 446 3884 κλάειν
477 3821 580 3898 μακρά
608 3819 656 3898 (Β,
687 3819 741 3882 -άν
772 3819 808 3899 Β,
837 3821 959 3898 μακράν
993 3821 1142 3898 παρέχειν
1173 3819 1211 3900 Γ),

108 3916 150 3982 Ρο.
166 3923 221 3985 255
244 3926 371 3989 κλαύεει
396 3924 498 4001 μακρά
526 3921 648 4012 (codd),
677 3921 723 3985 Pl.
745 3923 807 3985 612
833 3925 936 3987 κλάειν
961 3923 1064 4000 μακρὰ
1089 3919 1212 4003 (codd),

107 4018 149 4084 n.
164 4025 218 4088 212
237 4028 341 4104 μακρά
357 4027 464 4090 κλάειν
484 4025 606 4107 (codd),
622 4025 683 4108 Vp.
701 4027 765 4088 684
782 4027 886 4091 κλάειν
904 4063 937 4072 -
963 4027 1065 4104 μακρὰ
1080 4024 1211 4106 (οοάά.);

179 4127 227 4192 Ra
243 4133 284 4193 34
309 4131 445 4194 κωκύειν
464 4165 508 4184 -,
528 4131 629 4208 μακρά
651 4127 775 4210 (codd),
800 4127 849 4192 Ls.
869 4131 953 4192 1222
974 4131 1149 4193 κωκύεεεθε
1169 4163 1213 4174 -

112 4230 193 4306 namsi
212 4233 320 4314 (codd,
345 4233 409 4296 nisi
435 4232 522 4316 quod
545 4233 573 4296 R
596 4232 750 4296 mendose
774 4233 897 4312 άμακρά
921 4231 1078 4314 praebet);

183 4333 225 4399 la.
242 4338 306 4402 520
333 4337 542 4401 ὀτοτύξεσθαι
566 4339 668 4416 μακρά
691 4335 819 4420 (codd.);
