3236 4920
344 393 389 457 84
765 395 863 450 Josei
879 395 1054 462 Albertus,

344 571 542 650 ἀθυμότερα(
557 571 640 650 πρὸ(
655 571 714 633 τὸν
731 567 841 644 ἀγῶνα
858 567 945 649 ἔσω,
969 565 1040 630 ἀλλ’
1057 564 1250 644 ἑνθυμεῖεθω
1271 565 1407 640 πρῶτον
1424 608 1432 622 .
1451 608 1459 621 .
1478 607 1485 620 .

346 675 387 738 15
408 673 490 737 ἀλλὰ
513 674 574 751 μήν
592 671 669 735 οὐδὲ
692 670 740 736 ol<
763 671 955 734 δεδίττονται
977 671 1052 732 τοὺς
1074 669 1245 744 πολεμίους
1267 663 1317 728 καῖ
1339 663 1419 742 πρὶν
1439 662 1486 726 alc

345 781 450 858 χεῖρα(
462 775 564 839 ἐλθεῖν
576 775 818 854 ἑκδειμοτοῦειν,
831 771 1018 851 ὀρρωδητὲα
1029 771 1100 848 ἡμῖν
1113 770 1200 850 ἐετιν,
1216 769 1320 846 ὥςπερ
1336 766 1488 845 ἀπείροις

343 881 494 958 πολέμου.
526 879 554 942 τί
577 879 638 956 γὰρ
662 877 702 941 ἂν
726 878 914 954 δυνήεονται
937 875 1044 939 δεινὸν
1068 872 1253 951 ἐργάεαεθαι
1276 872 1352 935 τοὺς
1377 869 1487 947 ὁμὸεε

344 985 533 1062 χωροῦντα(
549 981 580 1044 αἱ
596 983 714 1060 βαθεῖαι
729 979 823 1057 κόμαι
839 977 940 1041 καὶτὸ
957 977 992 1041 ἐν
1006 979 1073 1041 τοῑε
1088 973 1221 1053 ὄμμοειν
1238 972 1344 1038 αὐτῶν
1360 973 1486 1050 πικρὸν

344 1087 393 1148 καὶ
418 1083 436 1147 ὁ
457 1083 613 1162 βλοευρὸ(
630 1085 687 1160 τῆ(
703 1080 814 1160 ὄψεαι(
830 1081 1000 1162 χαρακτήρ,
1020 1081 1053 1144 αῖ
1072 1101 1106 1144 τε
1125 1081 1164 1156 δὴ
1180 1081 1368 1158 πλημμελεῖ(
1387 1075 1486 1140 αὗται

344 1187 507 1264 εκιρτήεειε
537 1184 587 1248 καλ
616 1183 656 1248 τὰ
686 1185 738 1248 διὰ
769 1187 861 1262 κενῆς
891 1181 1099 1260 ἀναεεῖεματα
1128 1185 1196 1244 τῶν
1227 1179 1338 1245 ὅπλων
1369 1181 1424 1245 καὶ
1454 1179 1487 1242 ολ

343 1287 460 1354 πολλοὶ
486 1291 552 1351 τιῖιν
581 1291 708 1365 θυρεῶν
736 1287 849 1350 κτύποι
875 1285 927 1350 καλ
950 1284 1009 1350 ὅεα
1032 1283 1115 1349 ἄλλα
1143 1284 1207 1348 ὑπὸ
1237 1284 1405 1364 βαρβάρου
1432 1282 1487 1346 καὶ

344 1391 492 1472 ἄφρονος
520 1389 705 1454 ἀλαζονείαε
732 1390 811 1454 κατά
837 1408 872 1452 τε
899 1389 1028 1467 μορφὰς
1057 1387 1107 1452 καὶ
1131 1388 1246 1468 φωνάε
1275 1388 1310 1451 ἐν
1333 1386 1485 1450 ἀπειλαῖς

344 1497 505 1574 πολεμίων
522 1499 685 1574 cautritur,
708 1495 776 1558 τῖνα
792 1495 942 1572 παρεχειν
960 1493 1083 1572 πέφυκε
1101 1495 1167 1555 τοῖε
1187 1488 1333 1567 ἀνοήτως
1356 1488 1485 1552 ἐπιοῦει

344 1600 531 1665 πλεονεξίαν
547 1599 566 1675 ἢ
584 1601 648 1662 τοῖς
672 1598 749 1675 μετὰ
773 1599 926 1674 λογιεμοῡ
950 1595 1038 1674 παρὰ
1059 1595 1098 1657 τὰ
1117 1593 1205 1657 δεινὰ
1225 1592 1329 1656 {mmo
1348 1591 1483 1671 φόβον;

346 1739 389 1749 -
413 1702 495 1767 Sehr
517 1700 718 1765 ausfiihrlich
742 1697 897 1762 sohildert
919 1697 1032 1764 Livius
1054 1696 1090 1758 in
1114 1695 1204 1759 einer
1222 1691 1484 1758 Feldherrnrede

346 1803 403 1868 des
433 1803 488 1868 On.
505 1803 655 1884 Manlius,
684 1801 745 1866 dass
775 1800 827 1864 die
851 1800 980 1864 Galater
1009 1803 1089 1863 ποῖα
1118 1797 1206 1862 ihres
1235 1796 1483 1880 kriegerisehen

346 1906 462 1971 Sinnes
485 1904 576 1968 nieht
598 1924 638 1968 zu
661 1903 813 1968 fiirehten
836 1903 935 1984 selon,
959 1901 1045 1966 donn
1069 1901 1186 1965 einmal
1210 1899 1291 1964 habe
1313 1900 1398 1964 Rom
1427 1897 1484 1962 die

346 2009 468 2072 Gallier
482 2008 583 2073 sehon
599 2007 647 2071 oit
661 2007 793 2088 besiegt‚
810 2005 896 2069 dann
911 2004 989 2069 aber
1003 2004 1085 2068 habe
1102 2003 1207 2068 dieses
1223 2002 1482 2090 kampftiiahtige

345 2111 430 2176 Vollr
452 2112 497 2175 im
521 2109 808 2174 verweiohliohten
827 2109 928 2174 Asien
952 2108 1017 2172 viel
1038 2127 1104 2172 von
1127 2107 1236 2171 seiner
1252 2106 1387 2170 Frisehe
1406 2124 1483 2170 ver-

345 2215 445 2279 loren.
469 2213 535 2278 Der
551 2220 635 2277 erste
646 2211 714 2276 'leil
727 2211 785 2275 der
795 2211 885 2276 Rode
901 2211 944 2275 ist
958 2231 1039 2294 ganz
1052 2211 1124 2274 eine
1134 2209 1351 2292 Anwendung
1361 2227 1482 2273 unsers

344 2319 459 2385 adnot:
485 2317 552 2382 liv.
570 2317 761 2399 XXXVIII,
779 2318 818 2380 17
845 2335 910 2380 non
928 2335 980 2378 me
1004 2315 1165 2398 praeterit,
1184 2313 1311 2396 milites,
1331 2313 1482 2377 omnium

346 2441 428 2505 quae
458 2422 570 2486 Asiam
598 2421 747 2484 incolunt
776 2419 922 2502 gentium
947 2417 1054 2482 Gallos
1083 2417 1169 2481 lama
1200 2416 1275 2480 belli
1304 2420 1480 2500 praestare.

345 2525 431 2588 inter
446 2524 651 2588 mitissimum
667 2541 771 2606 genus
795 2521 962 2586 hominum
981 2521 1075 2586 ferox
1097 2521 1185 2584 natio
1204 2521 1374 2604 pervagata
1393 2518 1480 2582 bello

344 2645 444 2710 propo
460 2625 570 2689 orbem
582 2631 741 2689 terrarum
757 2623 865 2688 sedem
882 2624 976 2706 oepit.
995 2643 1130 2708 procera
1145 2642 1289 2706 corpora,
1302 2623 1480 2705 promissae

345 2735 378 2793 et
394 2728 541 2792 rutilatae
558 2747 676 2809 comae,
698 2731 786 2790 vasta
800 2729 899 2807 scuta
919 2727 1084 2810 praelongi
1099 2726 1207 2810 gladii,
1226 2725 1265 2790 ad
1281 2725 1344 2790 hoo
1363 2729 1480 2790 cantus

344 2832 565 2896 inchoantium
585 2830 744 2913 proelium
769 2835 802 2895 et
820 2829 961 2893 ululatus
983 2837 1014 2894 et
1039 2829 1188 2914 tripudia,
1212 2835 1245 2892 et
1263 2829 1479 2911 quatientium

345 2939 437 2999 scuta
448 2934 481 2996 in
492 2934 629 3017 patrium
641 2934 801 3016 quendam
815 2932 946 2996 modum
958 2933 1139 3003 horrendus
1151 2952 1313 2997 armorum
1326 2933 1478 3016 crepitus,

345 3038 452 3102 omnia
475 3037 515 3100 de
537 3035 697 3100 industria
720 3037 897 3120 composita
920 3035 961 3100 ad
985 3042 1148 3100 terrorem.
1172 3035 1230 3100 sed
1250 3037 1339 3116 haee,
1358 3035 1477 3118 quibus

345 3139 475 3204 insolita
504 3141 600 3222 atque
630 3140 758 3203 insueta
792 3144 881 3221 sunt,
920 3139 1035 3204 Graeci
1066 3142 1099 3204 et
1128 3130 1275 3221 Phryges
1310 3143 1343 3202 et
1379 3137 1477 3202 Cares

346 3237 494 3308 timeant:
526 3243 676 3307 Romanis
701 3242 816 3306 Gallici
844 3241 1002 3305 tumultus
1025 3242 1168 3306 adsuetis
1196 3243 1292 3306 etiam
1319 3243 1478 3306 vanitates

345 3349 441 3410 notae
456 3350 539 3408 sunt
559 3344 657 3408 semel
673 3345 777 3427 primo
793 3363 969 3428 congressu
982 3343 1022 3408 ad
1037 3344 1145 3408 Aliam
1158 3363 1212 3408 eos
1232 3344 1306 3408 olim
1324 3345 1478 3426 fugerunt

346 3447 484 3511 maiores
507 3447 624 3526 nostri3
654 3466 695 3511 ex
720 3466 758 3511 eo
782 3449 924 3531 tempore
950 3466 1008 3530 per
1032 3447 1188 3511 ducentos
1210 3447 1274 3510 iam
1299 3467 1400 3510 annos
1422 3467 1477 3531 pe·

347 3569 460 3614 eorum
483 3553 517 3613 in
541 3549 672 3614 modurn
696 3553 917 3615 consternatos
940 3550 1080 3614 caedunt
1101 3549 1293 3634 fugantque;
1314 3553 1347 3614 et
1367 3549 1477 3634 plures

346 3673 446 3738 prope
476 3654 516 3718 de
540 3654 641 3718 Gallis
668 3654 824 3738 triumphi
852 3674 947 3736 quam
972 3653 1011 3718 de
1035 3658 1101 3718 toto
1126 3653 1204 3718 orbe
1232 3658 1389 3718 terrarum
1414 3655 1477 3718 aeti

346 3759 430 3820 sunt.
453 3757 518 3820 iam
542 3775 605 3820 usu
624 3757 685 3821 hoe
705 3757 870 3840 cognitum
896 3761 960 3821 est:
985 3759 1013 3820 si
1032 3758 1172 3840 primum
1190 3757 1354 3840 impetum,
1378 3776 1476 3839 quem

345 3860 471 3924 fervido
501 3861 632 3943 ingenio
661 3865 693 3925 et
721 3879 816 3924 caeca
847 3861 896 3924 ira
924 3858 1106 3942 effundunt,
1136 3859 1337 3940 sustinueris,
1368 3859 1477 3923 fluunt

346 3962 465 4026 sudore
490 3969 522 4027 et
549 3961 738 4026 lassitudine
767 3962 918 4043 membra,
942 3962 1052 4026 labant
1074 3982 1175 4040 arma;
1205 3961 1312 4024 mollia
1334 3981 1475 4046 corpora,

347 4065 467 4148 molles,
499 4064 555 4128 ubi
577 4066 627 4128 ira
654 4065 808 4146 consedit,
837 4067 961 4129 animos
984 4065 1032 4130 sol
1059 4065 1166 4148 pulvis
1189 4065 1268 4146 sitis,
1297 4069 1333 4129 ut
1354 4064 1476 4128 ferrum

345 4187 411 4230 nou
435 4168 614 4249 admoveas,
645 4173 860 4250 prosternunt.
890 4188 955 4232 non
982 4168 1165 4250 legionibus
1193 4167 1336 4250 legiones
1363 4186 1475 4232 eorum

346 4269 451 4332 solum
474 4271 602 4353 experti
630 4289 751 4352 sumus,
779 4269 838 4333 sed
861 4271 911 4333 vir
935 4289 1020 4335 unus
1043 4291 1117 4336 eum
1145 4271 1215 4333 viro
1238 4267 1474 4352 oongrediendo
