<?xml version="1.0" encoding="UTF-8"?>
<!DOCTYPE html PUBLIC "-//W3C//DTD XHTML 1.0 Transitional//EN"
    "http://www.w3.org/TR/xhtml1/DTD/xhtml1-transitional.dtd">
<html xmlns="http://www.w3.org/1999/xhtml" xml:lang="en" lang="en">
 <head>
  <title>
</title>
<meta http-equiv="Content-Type" content="text/html;charset=utf-8" />
  <meta name='ocr-system' content='tesseract 3.04.00' />
  <meta name='ocr-capabilities' content='ocr_page ocr_carea ocr_par ocr_line ocrx_word'/>
</head>
<body>
  <div class='ocr_page' id='page_1' title='image "./dissertationesp03stragoog_0162.png"; bbox 0 0 3096 4924; ppageno 0'>
   <div class='ocr_carea' id='block_1_1' title="bbox 238 446 1187 521">
    <p class='ocr_par' dir='ltr' id='par_1_1' title="bbox 238 446 1187 521">
     <span class='ocr_line' id='line_1_1' title="bbox 238 446 1187 521; baseline 0 -15"><span class='ocrx_word' id='word_1_1' title='bbox 238 451 450 520; x_wconf 82' lang='lat' dir='ltr'>Quaestiones</span> <span class='ocrx_word' id='word_1_2' title='bbox 471 451 585 506; x_wconf 80' lang='lat' dir='ltr'><strong>criticae</strong></span> <span class='ocrx_word' id='word_1_3' title='bbox 605 452 634 505; x_wconf 92' lang='lat' dir='ltr'>in</span> <span class='ocrx_word' id='word_1_4' title='bbox 651 451 846 521; x_wconf 79' lang='lat' dir='ltr'><strong>Aristophanis</strong></span> <span class='ocrx_word' id='word_1_5' title='bbox 866 451 985 506; x_wconf 84' lang='lat' dir='ltr'>tabulas.</span> <span class='ocrx_word' id='word_1_6' title='bbox 1125 446 1187 508; x_wconf 81' lang='lat'>155</span> 
     </span>
    </p>
   </div>
   <div class='ocr_carea' id='block_1_2' title="bbox 68 621 1188 4424">
    <p class='ocr_par' dir='ltr' id='par_1_2' title="bbox 68 621 1188 1223">
     <span class='ocr_line' id='line_1_2' title="bbox 68 621 1188 706; baseline 0.003 -21"><span class='ocrx_word' id='word_1_7' title='bbox 68 621 127 685; x_wconf 79' lang='lat' dir='ltr'>llur.</span> <span class='ocrx_word' id='word_1_8' title='bbox 138 623 174 686; x_wconf 84' lang='lat' dir='ltr'>ir.</span> <span class='ocrx_word' id='word_1_9' title='bbox 188 623 254 686; x_wconf 87' lang='grc'>235</span> <span class='ocrx_word' id='word_1_10' title='bbox 273 623 293 686; x_wconf 92' lang='grc' dir='ltr'>δ</span> <span class='ocrx_word' id='word_1_11' title='bbox 310 627 464 688; x_wconf 83' lang='grc' dir='ltr'>πλοῦτος</span> <span class='ocrx_word' id='word_1_12' title='bbox 483 623 514 686; x_wconf 84' lang='grc' dir='ltr'>δ’</span> <span class='ocrx_word' id='word_1_13' title='bbox 530 623 642 701; x_wconf 83' lang='grc' dir='ltr'>ἀμαθία</span> <span class='ocrx_word' id='word_1_14' title='bbox 658 624 761 688; x_wconf 92' lang='grc' dir='ltr'>δειλόν</span> <span class='ocrx_word' id='word_1_15' title='bbox 777 623 807 687; x_wconf 86' lang='grc' dir='ltr'>θ’</span> <span class='ocrx_word' id='word_1_16' title='bbox 824 625 895 704; x_wconf 81' lang='grc' dir='ltr'>ἅμα,</span> <span class='ocrx_word' id='word_1_17' title='bbox 920 623 1059 706; x_wconf 90' lang='lat' dir='ltr'>denique</span> <span class='ocrx_word' id='word_1_18' title='bbox 1080 631 1188 688; x_wconf 91' lang='lat' dir='ltr'>nostro</span> 
     </span>
     <span class='ocr_line' id='line_1_3' title="bbox 73 725 1188 807; baseline 0.003 -19"><span class='ocrx_word' id='word_1_19' title='bbox 73 726 127 790; x_wconf 88' lang='lat' dir='ltr'>loco</span> <span class='ocrx_word' id='word_1_20' title='bbox 137 726 267 790; x_wconf 76' lang='lat' dir='ltr'>similem</span> <span class='ocrx_word' id='word_1_21' title='bbox 280 726 361 790; x_wconf 81' lang='lat' dir='ltr'>Eur.</span> <span class='ocrx_word' id='word_1_22' title='bbox 373 725 505 791; x_wconf 88' lang='lat' dir='ltr'>Phoen.</span> <span class='ocrx_word' id='word_1_23' title='bbox 517 729 578 790; x_wconf 84' lang='grc'>597</span> <span class='ocrx_word' id='word_1_24' title='bbox 594 730 697 792; x_wconf 89' lang='grc' dir='ltr'>δειλὸν</span> <span class='ocrx_word' id='word_1_25' title='bbox 710 727 739 790; x_wconf 90' lang='grc' dir='ltr'>δ’</span> <span class='ocrx_word' id='word_1_26' title='bbox 754 728 772 791; x_wconf 92' lang='grc' dir='ltr'>ό</span> <span class='ocrx_word' id='word_1_27' title='bbox 785 732 926 792; x_wconf 82' lang='grc' dir='ltr'>πλοῦτος</span> <span class='ocrx_word' id='word_1_28' title='bbox 942 731 991 793; x_wconf 86' lang='grc' dir='ltr'>καὶ</span> <span class='ocrx_word' id='word_1_29' title='bbox 1003 727 1188 807; x_wconf 75' lang='grc' dir='ltr'>φιλόψυχον</span> 
     </span>
     <span class='ocr_line' id='line_1_4' title="bbox 78 829 1187 914; baseline 0.001 -22"><span class='ocrx_word' id='word_1_30' title='bbox 78 832 152 892; x_wconf 71' lang='lat' dir='ltr'>ambr</span> <span class='ocrx_word' id='word_1_31' title='bbox 169 851 186 894; x_wconf 80' lang='lat' dir='ltr'>a</span> <span class='ocrx_word' id='word_1_32' title='bbox 202 831 332 894; x_wconf 78' lang='lat' dir='ltr'>scholiis</span> <span class='ocrx_word' id='word_1_33' title='bbox 352 829 502 911; x_wconf 85' lang='lat' dir='ltr'>allatum,</span> <span class='ocrx_word' id='word_1_34' title='bbox 522 829 562 893; x_wconf 88' lang='lat' dir='ltr'>ad</span> <span class='ocrx_word' id='word_1_35' title='bbox 581 849 675 912; x_wconf 89' lang='lat' dir='ltr'>quem</span> <span class='ocrx_word' id='word_1_36' title='bbox 692 831 835 894; x_wconf 88' lang='lat' dir='ltr'>comicus</span> <span class='ocrx_word' id='word_1_37' title='bbox 850 831 1032 914; x_wconf 78' lang='lat' dir='ltr'>respexisse</span> <span class='ocrx_word' id='word_1_38' title='bbox 1051 830 1187 895; x_wconf 88' lang='lat' dir='ltr'>videtur.</span> 
     </span>
     <span class='ocr_line' id='line_1_5' title="bbox 82 934 1188 1018; baseline 0.001 -21"><span class='ocrx_word' id='word_1_39' title='bbox 82 937 165 1017; x_wconf 76' lang='lat' dir='ltr'>itque</span> <span class='ocrx_word' id='word_1_40' title='bbox 189 935 290 1018; x_wconf 85' lang='lat' dir='ltr'>legem</span> <span class='ocrx_word' id='word_1_41' title='bbox 317 934 419 1014; x_wconf 78' lang='lat' dir='ltr'>illam,</span> <span class='ocrx_word' id='word_1_42' title='bbox 450 954 548 1017; x_wconf 84' lang='lat' dir='ltr'>quam</span> <span class='ocrx_word' id='word_1_43' title='bbox 576 954 672 1018; x_wconf 89' lang='lat' dir='ltr'>supra</span> <span class='ocrx_word' id='word_1_44' title='bbox 699 936 1029 1016; x_wconf 68' lang='lat' dir='ltr'>commemoravimus</span> <span class='ocrx_word' id='word_1_45' title='bbox 1060 937 1188 998; x_wconf 86' lang='lat' dir='ltr'>secutos</span> 
     </span>
     <span class='ocr_line' id='line_1_6' title="bbox 81 1037 1188 1120; baseline 0.005 -21"><span class='ocrx_word' id='word_1_46' title='bbox 81 1038 193 1102; x_wconf 77' lang='lat' dir='ltr'>editores</span> <span class='ocrx_word' id='word_1_47' title='bbox 214 1039 247 1101; x_wconf 92' lang='lat' dir='ltr'>in</span> <span class='ocrx_word' id='word_1_48' title='bbox 265 1059 295 1100; x_wconf 87' lang='lat' dir='ltr'>v.</span> <span class='ocrx_word' id='word_1_49' title='bbox 313 1039 402 1102; x_wconf 86' lang='grc'><strong>1049</strong></span> <span class='ocrx_word' id='word_1_50' title='bbox 424 1038 494 1101; x_wconf 88' lang='grc' dir='ltr'>ἀλλ’</span> <span class='ocrx_word' id='word_1_51' title='bbox 511 1037 684 1102; x_wconf 89' lang='grc' dir='ltr'>ἀκόλαςτός</span> <span class='ocrx_word' id='word_1_52' title='bbox 701 1038 808 1120; x_wconf 88' lang='lat' dir='ltr'><strong>(RMA</strong></span> <span class='ocrx_word' id='word_1_53' title='bbox 827 1039 935 1120; x_wconf 84' lang='lat' dir='ltr'>schol,</span> <span class='ocrx_word' id='word_1_54' title='bbox 959 1039 1029 1102; x_wconf 83' lang='lat' dir='ltr'>-rdv</span> <span class='ocrx_word' id='word_1_55' title='bbox 1049 1039 1090 1119; x_wconf 83' lang='lat' dir='ltr'>V)</span> <span class='ocrx_word' id='word_1_56' title='bbox 1110 1041 1188 1104; x_wconf 85' lang='grc' dir='ltr'>ἐςτιν</span> 
     </span>
     <span class='ocr_line' id='line_1_7' title="bbox 78 1141 953 1223; baseline 0.002 -21"><span class='ocrx_word' id='word_1_57' title='bbox 78 1145 138 1205; x_wconf 84' lang='grc' dir='ltr'>τοὺς</span> <span class='ocrx_word' id='word_1_58' title='bbox 155 1143 289 1219; x_wconf 90' lang='grc' dir='ltr'>τρόπους</span> <span class='ocrx_word' id='word_1_59' title='bbox 311 1149 400 1205; x_wconf 87' lang='lat' dir='ltr'>recte</span> <span class='ocrx_word' id='word_1_60' title='bbox 424 1141 595 1223; x_wconf 81' lang='lat' dir='ltr'>scripsisse</span> <span class='ocrx_word' id='word_1_61' title='bbox 619 1141 672 1204; x_wconf 91' lang='lat' dir='ltr'>hic</span> <span class='ocrx_word' id='word_1_62' title='bbox 696 1160 826 1205; x_wconf 88' lang='lat' dir='ltr'>monere</span> <span class='ocrx_word' id='word_1_63' title='bbox 850 1141 953 1206; x_wconf 89' lang='lat' dir='ltr'>liceat.</span> 
     </span>
    </p>

    <p class='ocr_par' dir='ltr' id='par_1_3' title="bbox 68 1244 1188 3286">
     <span class='ocr_line' id='line_1_8' title="bbox 150 1244 1187 1328; baseline 0.002 -20"><span class='ocrx_word' id='word_1_64' title='bbox 150 1245 184 1308; x_wconf 93' lang='lat' dir='ltr'>ln</span> <span class='ocrx_word' id='word_1_65' title='bbox 202 1266 227 1307; x_wconf 82' lang='grc' dir='ltr'>τ.</span> <span class='ocrx_word' id='word_1_66' title='bbox 241 1247 327 1310; x_wconf 90' lang='grc'>1088</span> <span class='ocrx_word' id='word_1_67' title='bbox 343 1265 411 1328; x_wconf 90' lang='lat' dir='ltr'>sqq.</span> <span class='ocrx_word' id='word_1_68' title='bbox 430 1244 585 1324; x_wconf 90' lang='grc' dir='ltr'>βούλομαι</span> <span class='ocrx_word' id='word_1_69' title='bbox 605 1244 610 1328; x_wconf 73' lang='grc' dir='ltr'>ί</span> <span class='ocrx_word' id='word_1_70' title='bbox 631 1246 733 1309; x_wconf 87' lang='grc' dir='ltr'>ἐλθὼν</span> <span class='ocrx_word' id='word_1_71' title='bbox 750 1246 908 1309; x_wconf 87' lang='grc' dir='ltr'>ἀναθεῖναι</span> <span class='ocrx_word' id='word_1_72' title='bbox 924 1247 1000 1310; x_wconf 89' lang='grc' dir='ltr'>τοὺς</span> <span class='ocrx_word' id='word_1_73' title='bbox 1012 1247 1187 1325; x_wconf 89' lang='grc' dir='ltr'>ςτεφάνους</span> 
     </span>
     <span class='ocr_line' id='line_1_9' title="bbox 72 1347 1187 1430; baseline 0.003 -22"><span class='ocrx_word' id='word_1_74' title='bbox 72 1348 163 1412; x_wconf 76' lang='grc' dir='ltr'>τούςδ’</span> <span class='ocrx_word' id='word_1_75' title='bbox 181 1349 223 1412; x_wconf 82' lang='grc' dir='ltr'>ὡς</span> <span class='ocrx_word' id='word_1_76' title='bbox 250 1348 301 1430; x_wconf 76' lang='lat' dir='ltr'>(R)</span> <span class='ocrx_word' id='word_1_77' title='bbox 330 1349 396 1427; x_wconf 80' lang='grc' dir='ltr'>ἔχω</span> <span class='ocrx_word' id='word_1_78' title='bbox 426 1348 464 1409; x_wconf 93' lang='lat' dir='ltr'>in</span> <span class='ocrx_word' id='word_1_79' title='bbox 488 1347 520 1408; x_wconf 82' lang='lat' dir='ltr'>V</span> <span class='ocrx_word' id='word_1_80' title='bbox 542 1347 736 1429; x_wconf 82' lang='lat' dir='ltr'>scholiisque</span> <span class='ocrx_word' id='word_1_81' title='bbox 766 1349 822 1412; x_wconf 83' lang='grc' dir='ltr'>οὓς</span> <span class='ocrx_word' id='word_1_82' title='bbox 850 1368 907 1430; x_wconf 92' lang='lat' dir='ltr'>pro</span> <span class='ocrx_word' id='word_1_83' title='bbox 940 1351 985 1412; x_wconf 84' lang='grc' dir='ltr'>ὼς</span> <span class='ocrx_word' id='word_1_84' title='bbox 1008 1347 1187 1412; x_wconf 82' lang='lat' dir='ltr'>exhibetur.</span> 
     </span>
     <span class='ocr_line' id='line_1_10' title="bbox 71 1449 1187 1534; baseline 0.003 -23"><span class='ocrx_word' id='word_1_85' title='bbox 71 1449 144 1513; x_wconf 90' lang='lat' dir='ltr'>Illud</span> <span class='ocrx_word' id='word_1_86' title='bbox 169 1453 225 1516; x_wconf 88' lang='grc' dir='ltr'>οὓς</span> <span class='ocrx_word' id='word_1_87' title='bbox 248 1452 311 1530; x_wconf 84' lang='grc' dir='ltr'>ἔχω</span> <span class='ocrx_word' id='word_1_88' title='bbox 339 1450 393 1514; x_wconf 81' lang='lat' dir='ltr'>rel</span> <span class='ocrx_word' id='word_1_89' title='bbox 422 1453 593 1534; x_wconf 85' lang='lat' dir='ltr'>propterea</span> <span class='ocrx_word' id='word_1_90' title='bbox 619 1451 697 1513; x_wconf 85' lang='lat' dir='ltr'>ferri</span> <span class='ocrx_word' id='word_1_91' title='bbox 726 1451 847 1533; x_wconf 63' lang='lat' dir='ltr'>nequit,</span> <span class='ocrx_word' id='word_1_92' title='bbox 876 1451 961 1533; x_wconf 91' lang='lat' dir='ltr'>quod</span> <span class='ocrx_word' id='word_1_93' title='bbox 985 1452 1187 1515; x_wconf 86' lang='lat' dir='ltr'>scaenarium</span> 
     </span>
     <span class='ocr_line' id='line_1_11' title="bbox 69 1553 1188 1634; baseline 0.003 -19"><span class='ocrx_word' id='word_1_94' title='bbox 69 1574 126 1616; x_wconf 93' lang='lat' dir='ltr'>non</span> <span class='ocrx_word' id='word_1_95' title='bbox 149 1559 210 1631; x_wconf 86' lang='lat' dir='ltr'>est;</span> <span class='ocrx_word' id='word_1_96' title='bbox 234 1573 370 1618; x_wconf 84' lang='lat' dir='ltr'>coronae</span> <span class='ocrx_word' id='word_1_97' title='bbox 394 1555 484 1618; x_wconf 90' lang='lat' dir='ltr'>enim</span> <span class='ocrx_word' id='word_1_98' title='bbox 509 1553 572 1616; x_wconf 91' lang='lat' dir='ltr'>iam</span> <span class='ocrx_word' id='word_1_99' title='bbox 595 1554 629 1616; x_wconf 88' lang='lat' dir='ltr'>in</span> <span class='ocrx_word' id='word_1_100' title='bbox 653 1574 681 1616; x_wconf 90' lang='lat' dir='ltr'>v.</span> <span class='ocrx_word' id='word_1_101' title='bbox 701 1555 783 1616; x_wconf 88' lang='grc'><strong>1041</strong></span> <span class='ocrx_word' id='word_1_102' title='bbox 812 1555 986 1634; x_wconf 90' lang='grc' dir='ltr'>ςτεφάνους</span> <span class='ocrx_word' id='word_1_103' title='bbox 1008 1556 1043 1630; x_wconf 90' lang='grc' dir='ltr'>γέ</span> <span class='ocrx_word' id='word_1_104' title='bbox 1067 1577 1115 1619; x_wconf 93' lang='grc' dir='ltr'>τοι</span> <span class='ocrx_word' id='word_1_105' title='bbox 1139 1557 1188 1618; x_wconf 87' lang='grc' dir='ltr'>καὶ</span> 
     </span>
     <span class='ocr_line' id='line_1_12' title="bbox 68 1657 1187 1741; baseline 0.002 -23"><span class='ocrx_word' id='word_1_106' title='bbox 68 1657 132 1738; x_wconf 81' lang='grc' dir='ltr'>δᾷδ’</span> <span class='ocrx_word' id='word_1_107' title='bbox 148 1658 229 1735; x_wconf 80' lang='grc' dir='ltr'>ἔχων</span> <span class='ocrx_word' id='word_1_108' title='bbox 253 1659 422 1736; x_wconf 89' lang='grc' dir='ltr'>πορεύεται</span> <span class='ocrx_word' id='word_1_109' title='bbox 449 1659 748 1721; x_wconf 84' lang='lat' dir='ltr'>commemorantur.</span> <span class='ocrx_word' id='word_1_110' title='bbox 787 1657 969 1721; x_wconf 86' lang='lat' dir='ltr'>Meinelrius</span> <span class='ocrx_word' id='word_1_111' title='bbox 997 1657 1187 1741; x_wconf 82' lang='lat' dir='ltr'>scripturam</span> 
     </span>
     <span class='ocr_line' id='line_1_13' title="bbox 69 1757 1187 1842; baseline 0.002 -21"><span class='ocrx_word' id='word_1_112' title='bbox 69 1757 94 1821; x_wconf 89' lang='lat' dir='ltr'>R</span> <span class='ocrx_word' id='word_1_113' title='bbox 120 1760 152 1821; x_wconf 93' lang='lat' dir='ltr'>in</span> <span class='ocrx_word' id='word_1_114' title='bbox 170 1760 261 1822; x_wconf 72' lang='lat' dir='ltr'>vind.</span> <span class='ocrx_word' id='word_1_115' title='bbox 280 1761 336 1824; x_wconf 84' lang='lat' dir='ltr'>Ar.</span> <span class='ocrx_word' id='word_1_116' title='bbox 360 1779 389 1842; x_wconf 92' lang='lat' dir='ltr'>p.</span> <span class='ocrx_word' id='word_1_117' title='bbox 408 1761 474 1822; x_wconf 84' lang='lat'>222</span> <span class='ocrx_word' id='word_1_118' title='bbox 505 1759 586 1822; x_wconf 90' lang='lat' dir='ltr'>bene</span> <span class='ocrx_word' id='word_1_119' title='bbox 614 1761 660 1823; x_wconf 89' lang='lat' dir='ltr'>sio</span> <span class='ocrx_word' id='word_1_120' title='bbox 684 1757 844 1823; x_wconf 83' lang='lat' dir='ltr'>defendit:</span> <span class='ocrx_word' id='word_1_121' title='bbox 875 1761 1065 1825; x_wconf 81' lang='lat' dir='ltr'>“Postrema</span> <span class='ocrx_word' id='word_1_122' title='bbox 1090 1761 1187 1824; x_wconf 85' lang='lat' dir='ltr'>verba</span> 
     </span>
     <span class='ocr_line' id='line_1_14' title="bbox 70 1861 1187 1946; baseline 0.003 -24"><span class='ocrx_word' id='word_1_123' title='bbox 70 1861 138 1924; x_wconf 85' lang='lat' dir='ltr'>satis</span> <span class='ocrx_word' id='word_1_124' title='bbox 154 1861 258 1925; x_wconf 89' lang='lat' dir='ltr'>ieiuna</span> <span class='ocrx_word' id='word_1_125' title='bbox 275 1867 360 1944; x_wconf 69' lang='lat' dir='ltr'>sunt</span> <span class='ocrx_word' id='word_1_126' title='bbox 383 1883 423 1926; x_wconf 89' lang='lat' dir='ltr'>ac</span> <span class='ocrx_word' id='word_1_127' title='bbox 448 1863 558 1926; x_wconf 89' lang='lat' dir='ltr'>neseio</span> <span class='ocrx_word' id='word_1_128' title='bbox 582 1882 623 1925; x_wconf 84' lang='lat' dir='ltr'>au</span> <span class='ocrx_word' id='word_1_129' title='bbox 646 1867 740 1945; x_wconf 86' lang='lat' dir='ltr'>poeta</span> <span class='ocrx_word' id='word_1_130' title='bbox 764 1864 929 1946; x_wconf 85' lang='lat' dir='ltr'>scripserit</span> <span class='ocrx_word' id='word_1_131' title='bbox 953 1865 997 1928; x_wconf 86' lang='grc' dir='ltr'>ὡς</span> <span class='ocrx_word' id='word_1_132' title='bbox 1016 1863 1091 1944; x_wconf 81' lang='grc' dir='ltr'>ἔχω,</span> <span class='ocrx_word' id='word_1_133' title='bbox 1112 1883 1187 1926; x_wconf 89' lang='lat' dir='ltr'>cou-</span> 
     </span>
     <span class='ocr_line' id='line_1_15' title="bbox 71 1963 1187 2048; baseline 0.004 -24"><span class='ocrx_word' id='word_1_134' title='bbox 71 1964 176 2042; x_wconf 70' lang='lat' dir='ltr'>testim</span> <span class='ocrx_word' id='word_1_135' title='bbox 190 1964 273 2047; x_wconf 92' lang='lat' dir='ltr'>quod</span> <span class='ocrx_word' id='word_1_136' title='bbox 288 1966 443 2047; x_wconf 79' lang='lat' dir='ltr'>frequens</span> <span class='ocrx_word' id='word_1_137' title='bbox 460 1967 510 2028; x_wconf 87' lang='lat' dir='ltr'>est</span> <span class='ocrx_word' id='word_1_138' title='bbox 523 1964 746 2048; x_wconf 84' lang='lat' dir='ltr'>Aristophanis</span> <span class='ocrx_word' id='word_1_139' title='bbox 762 1963 891 2028; x_wconf 88' lang='lat' dir='ltr'>dicendi</span> <span class='ocrx_word' id='word_1_140' title='bbox 902 1985 1015 2048; x_wconf 86' lang='lat' dir='ltr'>genus,</span> <span class='ocrx_word' id='word_1_141' title='bbox 1029 1965 1187 2048; x_wconf 83' lang='lat' dir='ltr'>habetque</span> 
     </span>
     <span class='ocr_line' id='line_1_16' title="bbox 73 2065 1188 2152; baseline 0.007 -26"><span class='ocrx_word' id='word_1_142' title='bbox 73 2065 125 2129; x_wconf 85' lang='lat' dir='ltr'>hoc</span> <span class='ocrx_word' id='word_1_143' title='bbox 151 2067 250 2152; x_wconf 92' lang='lat' dir='ltr'>ipsum</span> <span class='ocrx_word' id='word_1_144' title='bbox 274 2068 350 2132; x_wconf 87' lang='lat' dir='ltr'>Rar.</span> <span class='ocrx_word' id='word_1_145' title='bbox 373 2068 421 2132; x_wconf 79' lang='lat' dir='ltr'>Cf.</span> <span class='ocrx_word' id='word_1_146' title='bbox 443 2067 526 2150; x_wconf 83' lang='lat' dir='ltr'>Equ.</span> <span class='ocrx_word' id='word_1_147' title='bbox 543 2069 607 2132; x_wconf 88' lang='grc'>488</span> <span class='ocrx_word' id='word_1_148' title='bbox 631 2073 763 2145; x_wconf 84' lang='grc' dir='ltr'>πρῶτον</span> <span class='ocrx_word' id='word_1_149' title='bbox 786 2068 816 2131; x_wconf 80' lang='grc' dir='ltr'>δ’</span> <span class='ocrx_word' id='word_1_150' title='bbox 833 2070 877 2133; x_wconf 85' lang='grc' dir='ltr'>ὡς</span> <span class='ocrx_word' id='word_1_151' title='bbox 901 2069 965 2148; x_wconf 86' lang='grc' dir='ltr'>ἐχω</span> <span class='ocrx_word' id='word_1_152' title='bbox 994 2071 1049 2134; x_wconf 88' lang='grc' dir='ltr'>τὰς</span> <span class='ocrx_word' id='word_1_153' title='bbox 1074 2071 1188 2134; x_wconf 89' lang='grc' dir='ltr'>κοιλίας</span> 
     </span>
     <span class='ocr_line' id='line_1_17' title="bbox 72 2170 1188 2253; baseline 0.002 -21"><span class='ocrx_word' id='word_1_154' title='bbox 72 2173 115 2232; x_wconf 73' lang='grc' dir='ltr'>τοι·</span> <span class='ocrx_word' id='word_1_155' title='bbox 128 2173 180 2236; x_wconf 85' lang='grc' dir='ltr'>τὰς</span> <span class='ocrx_word' id='word_1_156' title='bbox 195 2173 344 2250; x_wconf 87' lang='grc' dir='ltr'>μαχαίρας</span> <span class='ocrx_word' id='word_1_157' title='bbox 361 2173 473 2236; x_wconf 86' lang='grc' dir='ltr'>ἐνθαδὶ</span> <span class='ocrx_word' id='word_1_158' title='bbox 491 2170 730 2248; x_wconf 87' lang='grc' dir='ltr'>καταθήςομαι”.</span> <span class='ocrx_word' id='word_1_159' title='bbox 755 2171 826 2246; x_wconf 82' lang='lat' dir='ltr'>Quo</span> <span class='ocrx_word' id='word_1_160' title='bbox 843 2171 900 2253; x_wconf 78' lang='lat' dir='ltr'>Eq.</span> <span class='ocrx_word' id='word_1_161' title='bbox 914 2171 984 2235; x_wconf 87' lang='lat' dir='ltr'>loeo</span> <span class='ocrx_word' id='word_1_162' title='bbox 1002 2171 1037 2235; x_wconf 93' lang='lat' dir='ltr'>O.</span> <span class='ocrx_word' id='word_1_163' title='bbox 1054 2171 1188 2235; x_wconf 84' lang='lat' dir='ltr'>Schnei-</span> 
     </span>
     <span class='ocr_line' id='line_1_18' title="bbox 71 2269 1186 2356; baseline 0.005 -23"><span class='ocrx_word' id='word_1_164' title='bbox 71 2270 162 2335; x_wconf 88' lang='lat' dir='ltr'>derus</span> <span class='ocrx_word' id='word_1_165' title='bbox 182 2275 258 2338; x_wconf 87' lang='lat' dir='ltr'>male</span> <span class='ocrx_word' id='word_1_166' title='bbox 280 2275 318 2339; x_wconf 83' lang='grc' dir='ltr'>δὶς</span> <span class='ocrx_word' id='word_1_167' title='bbox 336 2275 402 2352; x_wconf 82' lang='grc' dir='ltr'>ἔχω</span> <span class='ocrx_word' id='word_1_168' title='bbox 419 2269 568 2338; x_wconf 83' lang='lat' dir='ltr'>coniecit.</span> <span class='ocrx_word' id='word_1_169' title='bbox 593 2274 640 2337; x_wconf 81' lang='lat' dir='ltr'>Of.</span> <span class='ocrx_word' id='word_1_170' title='bbox 657 2273 714 2356; x_wconf 79' lang='lat' dir='ltr'>Eq.</span> <span class='ocrx_word' id='word_1_171' title='bbox 734 2275 819 2338; x_wconf 94' lang='grc'><strong>1070</strong></span> <span class='ocrx_word' id='word_1_172' title='bbox 836 2275 873 2339; x_wconf 86' lang='grc' dir='ltr'>ἃς</span> <span class='ocrx_word' id='word_1_173' title='bbox 889 2278 926 2338; x_wconf 85' lang='grc' dir='ltr'>δέ</span> <span class='ocrx_word' id='word_1_174' title='bbox 941 2278 1019 2339; x_wconf 86' lang='grc' dir='ltr'>ναῦς</span> <span class='ocrx_word' id='word_1_175' title='bbox 1040 2276 1186 2339; x_wconf 85' lang='grc' dir='ltr'>ἑκόςτοτε</span> 
     </span>
     <span class='ocr_line' id='line_1_19' title="bbox 71 2377 1186 2461; baseline 0.005 -25"><span class='ocrx_word' id='word_1_176' title='bbox 71 2378 140 2438; x_wconf 67' lang='lat' dir='ltr'>aare</span> <span class='ocrx_word' id='word_1_177' title='bbox 161 2380 275 2456; x_wconf 88' lang='grc' dir='ltr'>ταχείας</span> <span class='ocrx_word' id='word_1_178' title='bbox 298 2379 542 2456; x_wconf 80' lang='grc' dir='ltr'>ἀργυρολόγους</span> <span class='ocrx_word' id='word_1_179' title='bbox 566 2377 678 2457; x_wconf 75' lang='grc' dir='ltr'>οὑτοςί,</span> <span class='ocrx_word' id='word_1_180' title='bbox 702 2378 818 2442; x_wconf 87' lang='grc' dir='ltr'>ταύτας</span> <span class='ocrx_word' id='word_1_181' title='bbox 843 2379 970 2461; x_wconf 84' lang='grc' dir='ltr'>ἀπαυδᾷ</span> <span class='ocrx_word' id='word_1_182' title='bbox 994 2383 1054 2444; x_wconf 89' lang='grc' dir='ltr'>κτλ.</span> <span class='ocrx_word' id='word_1_183' title='bbox 1078 2381 1186 2461; x_wconf 79' lang='lat' dir='ltr'>Atque</span> 
     </span>
     <span class='ocr_line' id='line_1_20' title="bbox 71 2475 1186 2562; baseline 0.004 -22"><span class='ocrx_word' id='word_1_184' title='bbox 71 2475 213 2543; x_wconf 83' lang='lat' dir='ltr'>liciuakii</span> <span class='ocrx_word' id='word_1_185' title='bbox 236 2481 282 2543; x_wconf 94' lang='lat' dir='ltr'>illi</span> <span class='ocrx_word' id='word_1_186' title='bbox 305 2482 415 2545; x_wconf 81' lang='lat' dir='ltr'>versui</span> <span class='ocrx_word' id='word_1_187' title='bbox 440 2481 499 2562; x_wconf 79' lang='lat' dir='ltr'>Eq.</span> <span class='ocrx_word' id='word_1_188' title='bbox 516 2483 581 2544; x_wconf 87' lang='grc'>488</span> <span class='ocrx_word' id='word_1_189' title='bbox 606 2481 752 2545; x_wconf 89' lang='lat' dir='ltr'>addimus</span> <span class='ocrx_word' id='word_1_190' title='bbox 776 2481 828 2544; x_wconf 86' lang='lat' dir='ltr'>Ls.</span> <span class='ocrx_word' id='word_1_191' title='bbox 846 2483 910 2545; x_wconf 88' lang='grc'>376</span> <span class='ocrx_word' id='word_1_192' title='bbox 935 2481 994 2546; x_wconf 88' lang='grc' dir='ltr'>οὐκ</span> <span class='ocrx_word' id='word_1_193' title='bbox 1019 2478 1094 2546; x_wconf 82' lang='grc' dir='ltr'>οἶδα</span> <span class='ocrx_word' id='word_1_194' title='bbox 1118 2483 1143 2547; x_wconf 90' lang='grc' dir='ltr'>ς’</span> <span class='ocrx_word' id='word_1_195' title='bbox 1161 2483 1186 2547; x_wconf 90' lang='grc' dir='ltr'>εί</span> 
     </span>
     <span class='ocr_line' id='line_1_21' title="bbox 70 2582 1188 2668; baseline 0.004 -25"><span class='ocrx_word' id='word_1_196' title='bbox 70 2582 144 2660; x_wconf 79' lang='grc' dir='ltr'>τῇδ’,</span> <span class='ocrx_word' id='word_1_197' title='bbox 167 2584 206 2647; x_wconf 80' lang='grc' dir='ltr'>ὡς</span> <span class='ocrx_word' id='word_1_198' title='bbox 226 2585 299 2664; x_wconf 77' lang='grc' dir='ltr'>ἔχω,</span> <span class='ocrx_word' id='word_1_199' title='bbox 323 2592 358 2668; x_wconf 81' lang='grc' dir='ltr'>τῇ</span> <span class='ocrx_word' id='word_1_200' title='bbox 382 2587 523 2664; x_wconf 88' lang='grc' dir='ltr'>λαμπάδι</span> <span class='ocrx_word' id='word_1_201' title='bbox 547 2584 712 2649; x_wconf 86' lang='grc' dir='ltr'>ςτοθεόςω.</span> <span class='ocrx_word' id='word_1_202' title='bbox 745 2583 828 2648; x_wconf 88' lang='lat' dir='ltr'>Vide</span> <span class='ocrx_word' id='word_1_203' title='bbox 852 2585 896 2647; x_wconf 91' lang='lat' dir='ltr'>sis</span> <span class='ocrx_word' id='word_1_204' title='bbox 920 2585 983 2648; x_wconf 86' lang='lat' dir='ltr'>alia</span> <span class='ocrx_word' id='word_1_205' title='bbox 1002 2585 1188 2668; x_wconf 86' lang='lat' dir='ltr'>exemplaa</span> 
     </span>
     <span class='ocr_line' id='line_1_22' title="bbox 72 2681 1186 2772; baseline 0.008 -29"><span class='ocrx_word' id='word_1_206' title='bbox 72 2681 229 2763; x_wconf 81' lang='lat' dir='ltr'>Blaydesio</span> <span class='ocrx_word' id='word_1_207' title='bbox 247 2688 279 2750; x_wconf 90' lang='lat' dir='ltr'>iu</span> <span class='ocrx_word' id='word_1_208' title='bbox 295 2690 333 2751; x_wconf 88' lang='lat' dir='ltr'>A.</span> <span class='ocrx_word' id='word_1_209' title='bbox 345 2687 378 2750; x_wconf 88' lang='lat' dir='ltr'>C.</span> <span class='ocrx_word' id='word_1_210' title='bbox 390 2689 445 2750; x_wconf 85' lang='lat' dir='ltr'>Gr.</span> <span class='ocrx_word' id='word_1_211' title='bbox 463 2708 492 2771; x_wconf 93' lang='lat' dir='ltr'>p.</span> <span class='ocrx_word' id='word_1_212' title='bbox 506 2689 568 2750; x_wconf 89' lang='grc'>139</span> <span class='ocrx_word' id='word_1_213' title='bbox 585 2687 625 2750; x_wconf 88' lang='lat' dir='ltr'>ad</span> <span class='ocrx_word' id='word_1_214' title='bbox 641 2687 692 2751; x_wconf 88' lang='lat' dir='ltr'>Ls.</span> <span class='ocrx_word' id='word_1_215' title='bbox 706 2689 770 2750; x_wconf 89' lang='grc'>376</span> <span class='ocrx_word' id='word_1_216' title='bbox 788 2693 940 2772; x_wconf 83' lang='lat' dir='ltr'>congesta</span> <span class='ocrx_word' id='word_1_217' title='bbox 956 2697 988 2752; x_wconf 88' lang='lat' dir='ltr'>et</span> <span class='ocrx_word' id='word_1_218' title='bbox 1002 2689 1186 2772; x_wconf 85' lang='lat' dir='ltr'>Krtigerum</span> 
     </span>
     <span class='ocr_line' id='line_1_23' title="bbox 73 2785 1187 2874; baseline 0.007 -28"><span class='ocrx_word' id='word_1_219' title='bbox 73 2785 110 2846; x_wconf 81' lang='lat' dir='ltr'>ad</span> <span class='ocrx_word' id='word_1_220' title='bbox 128 2787 261 2873; x_wconf 86' lang='lat' dir='ltr'>Xenoph.</span> <span class='ocrx_word' id='word_1_221' title='bbox 280 2789 369 2854; x_wconf 83' lang='lat' dir='ltr'>anab.</span> <span class='ocrx_word' id='word_1_222' title='bbox 386 2789 435 2853; x_wconf 87' lang='lat' dir='ltr'>IV</span> <span class='ocrx_word' id='word_1_223' title='bbox 455 2791 483 2870; x_wconf 78' lang='lat'>1,</span> <span class='ocrx_word' id='word_1_224' title='bbox 506 2792 545 2853; x_wconf 86' lang='grc'>10</span> <span class='ocrx_word' id='word_1_225' title='bbox 570 2795 602 2853; x_wconf 90' lang='lat' dir='ltr'>et</span> <span class='ocrx_word' id='word_1_226' title='bbox 624 2789 767 2871; x_wconf 84' lang='lat' dir='ltr'>Thucyd.</span> <span class='ocrx_word' id='word_1_227' title='bbox 787 2790 836 2854; x_wconf 91' lang='grc' dir='ltr'>ΙΙΙ</span> <span class='ocrx_word' id='word_1_228' title='bbox 861 2793 912 2874; x_wconf 75' lang='grc'>30,</span> <span class='ocrx_word' id='word_1_229' title='bbox 932 2794 959 2854; x_wconf 93' lang='grc'>1.</span> <span class='ocrx_word' id='word_1_230' title='bbox 991 2793 1040 2855; x_wconf 80' lang='lat' dir='ltr'>Ao</span> <span class='ocrx_word' id='word_1_231' title='bbox 1057 2811 1097 2856; x_wconf 89' lang='lat' dir='ltr'>ne</span> <span class='ocrx_word' id='word_1_232' title='bbox 1114 2792 1187 2874; x_wconf 90' lang='lat' dir='ltr'>quis</span> 
     </span>
     <span class='ocr_line' id='line_1_24' title="bbox 76 2893 1187 2976; baseline 0.007 -25"><span class='ocrx_word' id='word_1_233' title='bbox 76 2897 190 2972; x_wconf 88' lang='lat' dir='ltr'>propter</span> <span class='ocrx_word' id='word_1_234' title='bbox 204 2895 256 2958; x_wconf 82' lang='grc' dir='ltr'>οὓς</span> <span class='ocrx_word' id='word_1_235' title='bbox 271 2913 450 2976; x_wconf 89' lang='lat' dir='ltr'>pronomen</span> <span class='ocrx_word' id='word_1_236' title='bbox 466 2893 572 2957; x_wconf 83' lang='lat' dir='ltr'>rodcb’</span> <span class='ocrx_word' id='word_1_237' title='bbox 585 2899 656 2975; x_wconf 89' lang='lat' dir='ltr'>post</span> <span class='ocrx_word' id='word_1_238' title='bbox 672 2893 908 2957; x_wconf 85' lang='lat' dir='ltr'>substantivum</span> <span class='ocrx_word' id='word_1_239' title='bbox 922 2897 997 2958; x_wconf 88' lang='grc' dir='ltr'>τοὺς</span> <span class='ocrx_word' id='word_1_240' title='bbox 1010 2897 1187 2974; x_wconf 85' lang='grc' dir='ltr'>ςτεφάνους</span> 
     </span>
     <span class='ocr_line' id='line_1_25' title="bbox 75 2994 1186 3079; baseline 0.007 -27"><span class='ocrx_word' id='word_1_241' title='bbox 75 2994 198 3072; x_wconf 85' lang='lat' dir='ltr'>positum</span> <span class='ocrx_word' id='word_1_242' title='bbox 212 3015 279 3060; x_wconf 87' lang='lat' dir='ltr'>esso</span> <span class='ocrx_word' id='word_1_243' title='bbox 292 2997 466 3079; x_wconf 78' lang='lat' dir='ltr'>existimet,</span> <span class='ocrx_word' id='word_1_244' title='bbox 483 2997 625 3060; x_wconf 88' lang='lat' dir='ltr'>comicus</span> <span class='ocrx_word' id='word_1_245' title='bbox 638 2997 672 3058; x_wconf 90' lang='lat' dir='ltr'>in</span> <span class='ocrx_word' id='word_1_246' title='bbox 685 2997 745 3060; x_wconf 90' lang='lat' dir='ltr'>hac</span> <span class='ocrx_word' id='word_1_247' title='bbox 758 3016 836 3060; x_wconf 86' lang='lat' dir='ltr'>roca</span> <span class='ocrx_word' id='word_1_248' title='bbox 849 2996 1036 3061; x_wconf 86' lang='lat' dir='ltr'>collocanda</span> <span class='ocrx_word' id='word_1_249' title='bbox 1047 2997 1108 3060; x_wconf 91' lang='lat' dir='ltr'>sihi</span> <span class='ocrx_word' id='word_1_250' title='bbox 1121 3017 1186 3060; x_wconf 90' lang='lat' dir='ltr'>non</span> 
     </span>
     <span class='ocr_line' id='line_1_26' title="bbox 75 3099 1186 3183; baseline 0.006 -27"><span class='ocrx_word' id='word_1_251' title='bbox 75 3100 208 3162; x_wconf 82' lang='lat' dir='ltr'>constitit</span> <span class='ocrx_word' id='word_1_252' title='bbox 234 3099 378 3164; x_wconf 85' lang='lat' dir='ltr'>Eandem</span> <span class='ocrx_word' id='word_1_253' title='bbox 398 3119 496 3182; x_wconf 89' lang='lat' dir='ltr'>quam</span> <span class='ocrx_word' id='word_1_254' title='bbox 515 3100 568 3162; x_wconf 87' lang='lat' dir='ltr'>bic</span> <span class='ocrx_word' id='word_1_255' title='bbox 586 3099 776 3183; x_wconf 87' lang='lat' dir='ltr'>positionem</span> <span class='ocrx_word' id='word_1_256' title='bbox 796 3100 894 3164; x_wconf 86' lang='lat' dir='ltr'>habes</span> <span class='ocrx_word' id='word_1_257' title='bbox 912 3103 947 3163; x_wconf 91' lang='lat' dir='ltr'>iu</span> <span class='ocrx_word' id='word_1_258' title='bbox 967 3100 1027 3164; x_wconf 90' lang='lat' dir='ltr'>Nb.</span> <span class='ocrx_word' id='word_1_259' title='bbox 1046 3103 1109 3164; x_wconf 81' lang='lat'>393</span> <span class='ocrx_word' id='word_1_260' title='bbox 1130 3102 1186 3164; x_wconf 89' lang='grc' dir='ltr'>τὸν</span> 
     </span>
     <span class='ocr_line' id='line_1_27' title="bbox 74 3197 1186 3286; baseline 0.004 -25"><span class='ocrx_word' id='word_1_261' title='bbox 74 3197 101 3257; x_wconf 75' lang='grc' dir='ltr'>δ’</span> <span class='ocrx_word' id='word_1_262' title='bbox 115 3199 184 3278; x_wconf 85' lang='grc' dir='ltr'>ἀέρα</span> <span class='ocrx_word' id='word_1_263' title='bbox 200 3203 283 3267; x_wconf 80' lang='grc' dir='ltr'>τόνδ’</span> <span class='ocrx_word' id='word_1_264' title='bbox 296 3202 363 3266; x_wconf 86' lang='grc' dir='ltr'>ἀντ’</span> <span class='ocrx_word' id='word_1_265' title='bbox 377 3205 559 3280; x_wconf 78' lang='grc' dir='ltr'>ἀπέραντον</span> <span class='ocrx_word' id='word_1_266' title='bbox 578 3203 766 3285; x_wconf 88' lang='lat' dir='ltr'>pronomine</span> <span class='ocrx_word' id='word_1_267' title='bbox 786 3203 919 3267; x_wconf 81' lang='lat' dir='ltr'>relativo</span> <span class='ocrx_word' id='word_1_268' title='bbox 939 3224 1004 3267; x_wconf 90' lang='lat' dir='ltr'>non</span> <span class='ocrx_word' id='word_1_269' title='bbox 1023 3209 1186 3286; x_wconf 87' lang='lat' dir='ltr'>sequente.</span> 
     </span>
    </p>

    <p class='ocr_par' dir='ltr' id='par_1_4' title="bbox 70 3303 1187 4424">
     <span class='ocr_line' id='line_1_28' title="bbox 155 3303 1186 3384; baseline 0.001 -19"><span class='ocrx_word' id='word_1_270' title='bbox 155 3303 189 3366; x_wconf 92' lang='lat' dir='ltr'>ln</span> <span class='ocrx_word' id='word_1_271' title='bbox 210 3325 236 3368; x_wconf 78' lang='lat' dir='ltr'>r.</span> <span class='ocrx_word' id='word_1_272' title='bbox 254 3307 338 3369; x_wconf 88' lang='grc'><strong>1148</strong></span> <span class='ocrx_word' id='word_1_273' title='bbox 364 3306 459 3370; x_wconf 84' lang='grc' dir='ltr'>ἔπειτ’</span> <span class='ocrx_word' id='word_1_274' title='bbox 482 3307 647 3370; x_wconf 85' lang='grc' dir='ltr'>ἀπολιπὼν</span> <span class='ocrx_word' id='word_1_275' title='bbox 670 3309 745 3370; x_wconf 90' lang='grc' dir='ltr'>τοὺς</span> <span class='ocrx_word' id='word_1_276' title='bbox 769 3310 862 3372; x_wconf 90' lang='grc' dir='ltr'>θεοὺς</span> <span class='ocrx_word' id='word_1_277' title='bbox 885 3308 999 3371; x_wconf 90' lang='grc' dir='ltr'>ἐνθάδε</span> <span class='ocrx_word' id='word_1_278' title='bbox 1023 3311 1135 3384; x_wconf 87' lang='grc' dir='ltr'>μενεῑς;</span> <span class='ocrx_word' id='word_1_279' title='bbox 1157 3305 1186 3366; x_wconf 89' lang='lat' dir='ltr'><strong>V</strong></span> 
     </span>
     <span class='ocr_line' id='line_1_29' title="bbox 75 3405 1186 3494; baseline 0.007 -29"><span class='ocrx_word' id='word_1_280' title='bbox 75 3405 239 3492; x_wconf 79' lang='lat' dir='ltr'>scholisque</span> <span class='ocrx_word' id='word_1_281' title='bbox 253 3413 340 3474; x_wconf 85' lang='lat' dir='ltr'>recte</span> <span class='ocrx_word' id='word_1_282' title='bbox 358 3409 477 3474; x_wconf 87' lang='grc' dir='ltr'>ἐνθάδε</span> <span class='ocrx_word' id='word_1_283' title='bbox 491 3409 652 3494; x_wconf 68' lang='lat' dir='ltr'>praebent</span> <span class='ocrx_word' id='word_1_284' title='bbox 669 3411 856 3476; x_wconf 78' lang='grc' dir='ltr'>Βένταυθοῑ</span> <span class='ocrx_word' id='word_1_285' title='bbox 868 3413 1011 3475; x_wconf 88' lang='lat' dir='ltr'>numeris</span> <span class='ocrx_word' id='word_1_286' title='bbox 1023 3410 1186 3494; x_wconf 88' lang='lat' dir='ltr'>neglectis.</span> 
     </span>
     <span class='ocr_line' id='line_1_30' title="bbox 75 3507 1187 3598; baseline 0.005 -28"><span class='ocrx_word' id='word_1_287' title='bbox 75 3507 217 3576; x_wconf 74' lang='lat' dir='ltr'>Aduerbio</span> <span class='ocrx_word' id='word_1_288' title='bbox 236 3513 358 3597; x_wconf 72' lang='grc' dir='ltr'>ἐνθάδε,</span> <span class='ocrx_word' id='word_1_289' title='bbox 383 3514 544 3596; x_wconf 81' lang='grc' dir='ltr'>ἐνταυθοῖ,</span> <span class='ocrx_word' id='word_1_290' title='bbox 567 3516 705 3578; x_wconf 82' lang='grc' dir='ltr'>ἐνταῦθα</span> <span class='ocrx_word' id='word_1_291' title='bbox 724 3534 820 3598; x_wconf 89' lang='lat' dir='ltr'>saepe</span> <span class='ocrx_word' id='word_1_292' title='bbox 839 3516 925 3579; x_wconf 89' lang='lat' dir='ltr'>inter</span> <span class='ocrx_word' id='word_1_293' title='bbox 943 3533 977 3578; x_wconf 89' lang='lat' dir='ltr'>se</span> <span class='ocrx_word' id='word_1_294' title='bbox 997 3515 1187 3578; x_wconf 83' lang='lat' dir='ltr'>commutari</span> 
     </span>
     <span class='ocr_line' id='line_1_31' title="bbox 77 3609 1186 3700; baseline 0.004 -25"><span class='ocrx_word' id='word_1_295' title='bbox 77 3609 147 3676; x_wconf 86' lang='lat' dir='ltr'>Guil.</span> <span class='ocrx_word' id='word_1_296' title='bbox 164 3615 339 3682; x_wconf 85' lang='lat' dir='ltr'>Schmidius</span> <span class='ocrx_word' id='word_1_297' title='bbox 359 3617 566 3699; x_wconf 86' lang='lat' dir='ltr'>(Atticismus</span> <span class='ocrx_word' id='word_1_298' title='bbox 583 3617 606 3695; x_wconf 77' lang='grc' dir='ltr'>Ι,</span> <span class='ocrx_word' id='word_1_299' title='bbox 624 3619 679 3699; x_wconf 80' lang='lat'>91)</span> <span class='ocrx_word' id='word_1_300' title='bbox 698 3619 830 3682; x_wconf 89' lang='lat' dir='ltr'>monuit.</span> <span class='ocrx_word' id='word_1_301' title='bbox 858 3618 930 3682; x_wconf 86' lang='lat' dir='ltr'>Hoc</span> <span class='ocrx_word' id='word_1_302' title='bbox 948 3617 1028 3700; x_wconf 79' lang='lat' dir='ltr'>loco,</span> <span class='ocrx_word' id='word_1_303' title='bbox 1052 3638 1126 3681; x_wconf 90' lang='lat' dir='ltr'>cum</span> <span class='ocrx_word' id='word_1_304' title='bbox 1147 3617 1186 3680; x_wconf 91' lang='lat' dir='ltr'>de</span> 
     </span>
     <span class='ocr_line' id='line_1_32' title="bbox 76 3717 1186 3805; baseline 0.003 -26"><span class='ocrx_word' id='word_1_305' title='bbox 76 3717 210 3784; x_wconf 69' lang='lat' dir='ltr'>raabuo</span> <span class='ocrx_word' id='word_1_306' title='bbox 224 3723 370 3787; x_wconf 75' lang='lat' dir='ltr'>trauadai</span> <span class='ocrx_word' id='word_1_307' title='bbox 386 3739 532 3805; x_wconf 70' lang='lat' dir='ltr'>agamus</span> <span class='ocrx_word' id='word_1_308' title='bbox 547 3741 612 3784; x_wconf 92' lang='lat' dir='ltr'>non</span> <span class='ocrx_word' id='word_1_309' title='bbox 628 3721 767 3785; x_wconf 89' lang='lat' dir='ltr'>alienum</span> <span class='ocrx_word' id='word_1_310' title='bbox 786 3724 836 3785; x_wconf 83' lang='lat' dir='ltr'>est</span> <span class='ocrx_word' id='word_1_311' title='bbox 849 3721 929 3784; x_wconf 93' lang='lat' dir='ltr'>illud</span> <span class='ocrx_word' id='word_1_312' title='bbox 947 3740 1085 3800; x_wconf 79' lang='lat' dir='ltr'>monere,</span> <span class='ocrx_word' id='word_1_313' title='bbox 1101 3720 1186 3803; x_wconf 89' lang='lat' dir='ltr'>apud</span> 
     </span>
     <span class='ocr_line' id='line_1_33' title="bbox 79 3819 1185 3905; baseline 0.005 -25"><span class='ocrx_word' id='word_1_314' title='bbox 79 3819 180 3884; x_wconf 76' lang='lat' dir='ltr'>Atticos</span> <span class='ocrx_word' id='word_1_315' title='bbox 208 3823 289 3888; x_wconf 85' lang='lat' dir='ltr'>hano</span> <span class='ocrx_word' id='word_1_316' title='bbox 317 3825 457 3888; x_wconf 84' lang='lat' dir='ltr'>formam</span> <span class='ocrx_word' id='word_1_317' title='bbox 490 3842 647 3905; x_wconf 86' lang='lat' dir='ltr'>nusquam</span> <span class='ocrx_word' id='word_1_318' title='bbox 676 3825 710 3887; x_wconf 94' lang='lat' dir='ltr'>in</span> <span class='ocrx_word' id='word_1_319' title='bbox 739 3827 864 3889; x_wconf 90' lang='grc' dir='ltr'>ἐνταυθί</span> <span class='ocrx_word' id='word_1_320' title='bbox 892 3823 1077 3888; x_wconf 87' lang='lat' dir='ltr'>mutandam</span> <span class='ocrx_word' id='word_1_321' title='bbox 1106 3841 1185 3886; x_wconf 86' lang='lat' dir='ltr'>esse.</span> 
     </span>
     <span class='ocr_line' id='line_1_34' title="bbox 79 3919 1187 4010; baseline 0.004 -26"><span class='ocrx_word' id='word_1_322' title='bbox 79 3919 204 3991; x_wconf 78' lang='lat' dir='ltr'>deuteras</span> <span class='ocrx_word' id='word_1_323' title='bbox 226 3929 320 3992; x_wconf 81' lang='lat' dir='ltr'>velim</span> <span class='ocrx_word' id='word_1_324' title='bbox 344 3927 567 3993; x_wconf 84' lang='lat' dir='ltr'>Meisterhans</span> <span class='ocrx_word' id='word_1_325' title='bbox 591 3947 619 4010; x_wconf 94' lang='lat' dir='ltr'>p.</span> <span class='ocrx_word' id='word_1_326' title='bbox 639 3928 779 4008; x_wconf 88' lang='grc'><strong>147,11.</strong></span> <span class='ocrx_word' id='word_1_327' title='bbox 808 3928 920 4010; x_wconf 85' lang='lat' dir='ltr'>Itaque</span> <span class='ocrx_word' id='word_1_328' title='bbox 940 3928 974 3990; x_wconf 91' lang='lat' dir='ltr'>in</span> <span class='ocrx_word' id='word_1_329' title='bbox 992 3927 1052 3991; x_wconf 89' lang='lat' dir='ltr'>Nb.</span> <span class='ocrx_word' id='word_1_330' title='bbox 1070 3928 1135 3990; x_wconf 88' lang='grc'>814</span> <span class='ocrx_word' id='word_1_331' title='bbox 1155 3929 1187 3990; x_wconf 83' lang='grc' dir='ltr'>οδ</span> 
     </span>
     <span class='ocr_line' id='line_1_35' title="bbox 81 4023 1187 4111; baseline 0 -19"><span class='ocrx_word' id='word_1_332' title='bbox 81 4023 122 4109; x_wconf 87' lang='lat' dir='ltr'>l&#39;p.</span> <span class='ocrx_word' id='word_1_333' title='bbox 137 4031 212 4096; x_wconf 86' lang='grc'><strong>1442</strong></span> <span class='ocrx_word' id='word_1_334' title='bbox 230 4033 384 4098; x_wconf 85' lang='grc' dir='ltr'>ἐνταυθοῖ</span> <span class='ocrx_word' id='word_1_335' title='bbox 404 4049 483 4094; x_wconf 88' lang='lat' dir='ltr'>cum</span> <span class='ocrx_word' id='word_1_336' title='bbox 498 4029 566 4111; x_wconf 89' lang='lat' dir='ltr'>RV,</span> <span class='ocrx_word' id='word_1_337' title='bbox 584 4029 671 4093; x_wconf 91' lang='lat' dir='ltr'>idem</span> <span class='ocrx_word' id='word_1_338' title='bbox 689 4031 724 4093; x_wconf 90' lang='lat' dir='ltr'>in</span> <span class='ocrx_word' id='word_1_339' title='bbox 740 4031 820 4094; x_wconf 83' lang='lat' dir='ltr'>Aah.</span> <span class='ocrx_word' id='word_1_340' title='bbox 835 4031 898 4093; x_wconf 83' lang='grc'>152</span> <span class='ocrx_word' id='word_1_341' title='bbox 919 4049 992 4094; x_wconf 89' lang='lat' dir='ltr'>cum</span> <span class='ocrx_word' id='word_1_342' title='bbox 1009 4029 1094 4093; x_wconf 79' lang='lat' dir='ltr'>ABG</span> <span class='ocrx_word' id='word_1_343' title='bbox 1111 4049 1187 4093; x_wconf 92' lang='lat' dir='ltr'>con-</span> 
     </span>
     <span class='ocr_line' id='line_1_36' title="bbox 78 4133 1186 4219; baseline -0.002 -23"><span class='ocrx_word' id='word_1_344' title='bbox 78 4137 110 4196; x_wconf 84' lang='lat' dir='ltr'>tra</span> <span class='ocrx_word' id='word_1_345' title='bbox 127 4135 249 4203; x_wconf 85' lang='grc' dir='ltr'>ἐνταῦθα</span> <span class='ocrx_word' id='word_1_346' title='bbox 268 4137 307 4219; x_wconf 78' lang='lat' dir='ltr'>R,</span> <span class='ocrx_word' id='word_1_347' title='bbox 331 4138 370 4200; x_wconf 93' lang='lat' dir='ltr'>in</span> <span class='ocrx_word' id='word_1_348' title='bbox 396 4133 451 4198; x_wconf 82' lang='lat' dir='ltr'>Is.</span> <span class='ocrx_word' id='word_1_349' title='bbox 471 4133 544 4214; x_wconf 86' lang='lat'><strong>568,</strong></span> <span class='ocrx_word' id='word_1_350' title='bbox 565 4134 629 4196; x_wconf 87' lang='grc'>570</span> <span class='ocrx_word' id='word_1_351' title='bbox 649 4139 759 4200; x_wconf 87' lang='lat' dir='ltr'>eontra</span> <span class='ocrx_word' id='word_1_352' title='bbox 783 4135 907 4198; x_wconf 84' lang='grc' dir='ltr'>ἐνταυθὶ</span> <span class='ocrx_word' id='word_1_353' title='bbox 929 4133 958 4197; x_wconf 93' lang='lat' dir='ltr'><strong>R</strong></span> <span class='ocrx_word' id='word_1_354' title='bbox 977 4153 1052 4197; x_wconf 91' lang='lat' dir='ltr'>cum</span> <span class='ocrx_word' id='word_1_355' title='bbox 1071 4133 1186 4196; x_wconf 87' lang='lat' dir='ltr'>ceteris</span> 
     </span>
     <span class='ocr_line' id='line_1_37' title="bbox 75 4235 1186 4321; baseline -0.003 -19"><span class='ocrx_word' id='word_1_356' title='bbox 75 4237 203 4307; x_wconf 75' lang='lat' dir='ltr'>codicibus</span> <span class='ocrx_word' id='word_1_357' title='bbox 225 4239 449 4308; x_wconf 88' lang='lat' dir='ltr'>retinendum</span> <span class='ocrx_word' id='word_1_358' title='bbox 474 4241 530 4300; x_wconf 87' lang='lat' dir='ltr'>est.</span> <span class='ocrx_word' id='word_1_359' title='bbox 558 4235 705 4319; x_wconf 87' lang='lat' dir='ltr'>Denique</span> <span class='ocrx_word' id='word_1_360' title='bbox 724 4238 758 4300; x_wconf 90' lang='lat' dir='ltr'>in</span> <span class='ocrx_word' id='word_1_361' title='bbox 779 4237 834 4302; x_wconf 81' lang='lat' dir='ltr'>Eo.</span> <span class='ocrx_word' id='word_1_362' title='bbox 852 4239 916 4300; x_wconf 83' lang='lat'>532</span> <span class='ocrx_word' id='word_1_363' title='bbox 942 4238 1069 4321; x_wconf 82' lang='lat' dir='ltr'>vulgata</span> <span class='ocrx_word' id='word_1_364' title='bbox 1091 4237 1186 4300; x_wconf 87' lang='lat' dir='ltr'>lectio</span> 
     </span>
     <span class='ocr_line' id='line_1_38' title="bbox 70 4341 1186 4424; baseline -0.005 -16"><span class='ocrx_word' id='word_1_365' title='bbox 70 4343 169 4415; x_wconf 82' lang='grc' dir='ltr'>ίιτοόθά</span> <span class='ocrx_word' id='word_1_366' title='bbox 195 4371 221 4414; x_wconf 90' lang='grc' dir='ltr'>τι</span> <span class='ocrx_word' id='word_1_367' title='bbox 249 4350 287 4413; x_wconf 92' lang='lat' dir='ltr'>in</span> <span class='ocrx_word' id='word_1_368' title='bbox 319 4343 482 4410; x_wconf 84' lang='grc' dir='ltr'>ἐνταυθοῖ</span> <span class='ocrx_word' id='word_1_369' title='bbox 502 4361 539 4421; x_wconf 85' lang='grc' dir='ltr'>τι,</span> <span class='ocrx_word' id='word_1_370' title='bbox 567 4359 631 4404; x_wconf 89' lang='lat' dir='ltr'>uon</span> <span class='ocrx_word' id='word_1_371' title='bbox 659 4343 693 4405; x_wconf 93' lang='lat' dir='ltr'>in</span> <span class='ocrx_word' id='word_1_372' title='bbox 721 4341 848 4406; x_wconf 89' lang='grc' dir='ltr'>ἐνταυθί</span> <span class='ocrx_word' id='word_1_373' title='bbox 870 4363 897 4404; x_wconf 94' lang='grc' dir='ltr'>τι</span> <span class='ocrx_word' id='word_1_374' title='bbox 922 4341 1110 4424; x_wconf 85' lang='lat' dir='ltr'>corrigenda</span> <span class='ocrx_word' id='word_1_375' title='bbox 1129 4347 1186 4404; x_wconf 91' lang='lat' dir='ltr'>est.</span> 
     </span>
    </p>
   </div>
   <div class='ocr_carea' id='block_1_3' title="bbox 0 0 1557 4924">
    <p class='ocr_par' dir='ltr' id='par_1_5' title="bbox 0 0 1557 4924">
     <span class='ocr_line' id='line_1_39' title="bbox 0 0 1557 4924; baseline 0 0"><span class='ocrx_word' id='word_1_376' title='bbox 0 0 1557 4924; x_wconf 95' lang='lat' dir='ltr'> </span> 
     </span>
    </p>
   </div>
  </div>
 </body>
</html>
