3200 4918
294 418 493 488 Quaestioues
514 419 628 476 criticae
647 419 677 474 iu
694 418 892 488 Aristophanis
911 418 1029 474 tabulas.
1190 411 1232 474 55

104 589 163 655 ἀιιιιι
183 610 264 656 esse.
291 589 382 668 Quae
402 589 610 674 corruptelae
634 592 722 674 origo
742 589 946 654 verisimilior
965 595 1021 672 est,
1045 589 1231 673 praesertim

106 696 209 761 mmv
233 695 319 760 illud
341 700 413 760 πῶς
439 695 595 759 omiserit

181 799 216 863 1ιι
241 820 272 862 v.
291 800 379 863 1005
404 799 480 863 ἀλλ’
499 799 543 864 εις
560 798 768 876 Ἀκαδήμειαν
792 801 909 862 κατιὼν
932 798 995 862 ὑπὸ
1018 802 1083 862 ταῖς
1109 799 1231 875 μορίαις

109 902 261 981 ἀποθρέξει
292 901 585 980 ςτεφανωςάμενος
618 905 682 964 κτλ.
706 901 741 964 ιιι
772 899 868 964 8-8
897 899 1066 978 ἀποθρέξει
1098 901 1166 982 (arc
1199 899 1232 982 S)

109 1005 220 1088 legiter,
234 1007 269 1068 in
283 1005 311 1064 V
324 1005 538 1082 καταθρέξεις.
557 1003 704 1068 Editores
718 1007 845 1086 praeter
860 1001 1069 1084 Blaydesium
1086 1008 1118 1067 et
1129 1001 1233 1067 Laeu-

112 1109 236 1172 vouium
259 1108 474 1190 compositum
499 1107 666 1184 ἀποθρέξει
690 1111 901 1170 servaverunt
922 1105 1020 1188 idque
1043 1107 1230 1170 rectissime.

112 1210 184 1274 Nam
203 1231 259 1294 pro
283 1211 497 1291 κατατρέχειν,
521 1209 607 1292 quod
630 1214 864 1292 exspectamua
887 1213 981 1292 poeta
1003 1208 1106 1272 facete
1133 1208 1232 1272 verbo

113 1313 282 1392 ἀποτρέχειν
310 1332 388 1378 usus
412 1318 477 1394 est,
506 1312 592 1394 quod
621 1311 661 1376 de
691 1331 858 1376 servorum
886 1311 1136 1376 manumissione
1168 1311 1232 1376 dici

113 1415 227 1479 solitum
250 1436 319 1481 esse
337 1436 379 1482 ex
401 1415 668 1499 inscriptionibus
690 1414 892 1498 potissimum
915 1419 1116 1497 compertum
1135 1414 1232 1480 habe-

113 1539 184 1582 mus.
205 1521 332 1585 Δικαιος
350 1521 438 1584 euim
455 1518 555 1594 λόγος
574 1524 737 1602 tamquam
752 1519 786 1582 in
802 1537 936 1583 numero
955 1537 1122 1582 servorum
1137 1498 1233 1583 babet

114 1621 331 1706 Phidippidem,
354 1641 453 1704 quem
470 1621 608 1685 liberum
624 1641 796 1686 evasurum
812 1641 883 1686 esse
898 1623 1063 1706 promittit,
1087 1625 1115 1686 si
1131 1642 1166 1687 se
1182 1642 1231 1688 se-

115 1731 261 1805 queretur.
275 1724 529 1789 Diiudicaudum
544 1729 651 1789 autem
666 1725 759 1789 nobis
775 1730 823 1790 est
838 1726 923 1789 iuter
937 1726 1131 1806 ἀποθρέξεις,
1148 1745 1230 1808 quae

114 1827 204 1891 forma
224 1825 307 1911 apud
329 1826 478 1909 Suidam,
501 1827 538 1891 B.
555 1829 593 1892 A.
609 1829 689 1909 427,
707 1830 763 1910 31,
779 1828 876 1892 schol.
893 1828 988 1912 Soph.
1005 1827 1046 1892 ad
1070 1827 1147 1893 Oed.
1165 1828 1230 1892 001.

117 1932 170 1993 701
186 1931 351 2012 invenitur,
375 1935 408 1994 et
428 1929 604 2012 ἀποθρέξει,
629 1930 715 2014 quud
735 1932 768 1994 iu
784 1930 813 1995 R
829 1931 1006 1996 exhibetur.
1033 1933 1140 2013 Atque
1156 1951 1230 1995 cum

115 2033 169 2095 iam
189 2032 366 2098 Bruucirius
390 2033 510 2098 viderit
532 2033 671 2097 mediam
693 2033 829 2098 formam
852 2034 886 2096 in
910 2034 1027 2098 tuturis
1051 2035 1090 2098 ab
1114 2034 1230 2100 Atticis

114 2135 144 2196 ιιι
164 2135 279 2200 deliciis
303 2135 413 2200 haberi
438 2141 472 2200 et
495 2137 527 2198 in
551 2135 607 2200 Ra.
620 2137 683 2200 193
701 2135 776 2200 etR
793 2141 824 2200 et
840 2135 870 2197 V
885 2139 1058 2216 περιθρέξει
1082 2137 1232 2220 praebeat

114 2237 239 2320 itemque
262 2241 441 2317 μεταθρέξει
460 2240 494 2302 ιιι
514 2237 569 2303 Ρο.
586 2239 661 2321 261,
685 2239 833 2322 Bergkio,
856 2238 1028 2321 Meinekio,
1055 2239 1125 2303 aliis
1150 2239 1231 2304 ἀπο-

115 2342 202 2416 θρέξει
223 2342 376 2426 amplexis
400 2342 550 2406 assentiri
573 2361 638 2405 non
660 2341 852 2406 dubitamus

192 2444 226 2507 Iu
242 2445 344 2509 Pluti
369 2465 397 2508 v.
412 2447 476 2508 271
496 2449 565 2524 μῶν
584 2443 680 2511 ἀξιοῖς
700 2447 870 2524 φενακίςας
897 2445 991 2511 ἔπειτ’
1010 2446 1229 2524 ἀπαλλαγῆναι

114 2545 228 2623 ἀζήμια(
251 2549 286 2610 ιιι
308 2547 460 2630 Vtram,
492 2548 525 2610 ιιι
550 2546 646 2612 8-8
669 2548 750 2626 ἡμᾶς
774 2548 926 2612 traditum
951 2553 1006 2613 est.
1040 2548 1163 2625 Quibus
1188 2569 1230 2614 ex

112 2647 233 2714 diversis
254 2651 422 2735 scripturis
442 2651 659 2734 colligendum
682 2669 752 2715 esse
771 2651 908 2716 arbitror
929 2653 964 2715 iu
988 2653 1162 2736 archetypo
1182 2653 1230 2718 sic

112 2815 253 2899 scriptum
268 2817 385 2881 fuisse:
404 2822 476 2896 μῶν
492 2818 587 2884 ἀξιοῖς
604 2818 773 2897 φενακίςας
791 2752 885 2883 tw?
898 2818 1127 2896 ἀπαλλαγῆναι.
1143 2817 1230 2882 Illud

111 2916 181 2993 ἡμᾶς
201 2919 434 3003 interpretandi
453 2937 550 2984 causa
572 2921 823 3004 superscriptum
841 2921 923 2986 falso
947 2942 1004 3005 pro
1024 2921 1118 2986 ἔπειτ’
1133 2921 1229 2985 libra-

110 3019 169 3084 rius
182 3021 209 3085 R
223 3025 424 3106 transcripsit
442 3028 620 3106 propterea,
640 3024 761 3107 opinor,
783 3024 869 3108 quod
885 3026 1105 3088 accusativum
1121 3026 1229 3106 requi-

111 3122 196 3187 rebat
223 3124 285 3190 Sed
308 3145 374 3188 vox
398 3125 493 3190 ἔπειτ’
510 3127 622 3208 utiquc
645 3126 813 3191 retinenda
837 3133 893 3191 est.
926 3127 972 3191 uf.
994 3125 1130 3190 eandem
1154 3147 1229 3190 cou-

110 3229 304 3294 sanctionem
334 3231 370 3292 in
394 3229 476 3294 Aah.
494 3231 557 3292 497
590 3229 615 3294 εἰ
643 3231 771 3308 πτωχὸς
805 3231 852 3294 ὢν
880 3230 973 3295 ἔπειτ’
990 3231 1026 3294 ἐν
1056 3229 1228 3308 Ἀθηναίοις

108 3332 196 3406 λέγειν
212 3336 327 3414 μέλλω,
346 3333 376 3397 Ν
379 3332 408 3396 b.
428 3333 514 3396 1042
531 3331 723 3412 αἱρούμενον
738 3335 814 3398 τοὺς
830 3333 966 3411 ἥττονας
984 3333 1103 3407 λόγους
1123 3333 1230 3398 ἔπειτα

108 3437 197 3516 νικάν,
229 3437 288 3498 Av.
316 3435 374 3514 29,
404 3435 461 3498 Τιι.
487 3437 565 3517 557,
593 3436 670 3516 559,
698 3436 777 3518 884,
811 3435 881 3499 aliis
908 3435 997 3500 locis.
1036 3435 1110 3499 Non
1140 3441 1228 3501 recte

106 3535 192 3616 igitur
212 3536 408 3620 Blaydesius
430 3536 518 3620 tecit,
542 3537 627 3620 quod
645 3557 822 3622 pronomen
842 3539 921 3618 ἡμᾶς
941 3539 1013 3602 voci
1033 3539 1126 3603 ἔπειτ’
1139 3558 1229 3622 prae-

107 3640 175 3705 tulit
198 3643 384 3707 Meiuekius
401 3648 514 3708 contra
527 3643 707 3706 laudandus
724 3645 780 3726 est,
797 3644 852 3726 qui
871 3643 1041 3708 lectionem
1055 3643 1085 3704 V
1098 3649 1228 3707 secutus

107 3747 151 3828 ast,
168 3747 228 3810 uisi
245 3745 334 3830 quod
351 3747 573 3812 accusativum
590 3746 620 3825 p'
637 3747 676 3810 de
693 3746 790 3810 verbo
807 3748 976 3826 φενακιςας
994 3745 1228 3830 dependentem

105 3857 165 3913 aute
186 3850 282 3916 ἔπειτ’
299 3851 450 3914 inseruit.
481 3847 551 3926 Quo
577 3851 767 3933 pronomine
793 3849 876 3912 haud
903 3851 971 3914 scio
995 3869 1034 3912 au
1060 3869 1139 3932 opus
1164 3869 1228 3912 uon

104 3951 143 4014 sit
157 3953 199 4018 cf.
217 3974 246 4017 v.
265 3954 334 4017 280
359 3953 446 4017 ἀςτις
471 3953 655 4034 φενακίζεις,
679 3953 797 4030 φράςαι
818 3951 846 4016 δ’
864 3951 956 4016 οὔπω
981 3954 1132 4030 τέτληκας
1157 3953 1228 4032 ἡμῖν

104 4065 128 4119 et
141 4059 215 4122 rich.
230 4059 275 4122 90
294 4055 390 4121 ταῦτ’
407 4053 460 4132 ἀρ’
477 4054 658 4134 ἐφενάκιζες
675 4058 712 4120 ςὺ
730 4059 790 4121 δύο
809 4059 951 4136 δραχμὰς
969 4058 1090 4138 φέρων,
1110 4057 1229 4138 quibus

102 4159 207 4227 dnobus
229 4162 316 4226 locis
342 4161 525 4241 mavortiam
548 4157 692 4223 absolute
716 4161 856 4243 positum
881 4165 935 4224 est

170 4267 206 4332 Iu
233 4287 263 4330 v.
285 4266 356 4330 818
383 4262 469 4326 ἀλλὰ
493 4265 671 4340 ςκοροδιοις
702 4263 765 4326 ὑπὸ
794 4267 919 4342 τροφῆς
949 4263 1098 4328 έκάςτοτε
1125 4261 1228 4327 Leeu-

100 4372 201 4436 venius
226 4391 270 4436 ex
297 4365 508 4432 substantivo
533 4365 879 4449 cuopbb01c‚quodin
896 4365 926 4427 V
941 4365 1067 4449 legitur,
1092 4366 1227 4429 formam
