3248 4910
364 373 427 437 110
790 379 825 434 M.
844 379 1067 447 Heinemrnn,

450 551 564 635 Itaque
584 551 611 615 si
635 571 699 635 qua
718 549 959 634 compositionis
978 547 1152 614 similitudo
1172 549 1308 633 elegiam
1327 567 1404 613 cum
1423 548 1489 632 epi·

362 655 445 720 stula
469 655 620 738 continet
648 659 704 719 aut
726 655 755 719 si
778 653 968 737 quibusdam
993 654 1027 717 in
1049 653 1130 718 locis
1154 651 1382 718 communibus
1406 651 1491 716 inter

362 777 396 823 se
420 757 639 840 consentiunt,
666 757 728 822 hoo
754 758 855 841 magis
879 754 1158 840 deprecationibus
1181 755 1324 837 debetur,
1352 771 1490 838 quarum

362 860 510 944 exempla
531 861 566 924 in
584 859 675 924 libris
698 859 828 924 eroticis
851 859 928 924 satis
952 859 1053 924 multa
1075 859 1221 924 extitisse
1244 855 1396 942 equidem
1419 873 1491 941 per·

362 983 493 1029 suasum
515 963 626 1028 habeo.

450 1067 547 1132 Nunc
562 1066 603 1130 ad
615 1065 723 1131 Ovidii
735 1065 870 1150 elegiam
885 1065 901 1130 Ι
919 1067 960 1131 10
977 1071 1009 1131 et
1023 1065 1208 1130 Philostrati
1224 1064 1379 1148 epistulas
1392 1066 1409 1127 7
1424 1065 1490 1146 (44)

362 1173 395 1236 et
413 1171 455 1234 23
475 1171 541 1252 (45)
559 1171 768 1233 transeamus.
792 1167 935 1246 Quarum
954 1171 1143 1252 argumenta
1161 1167 1200 1232 ab
1220 1167 1332 1250 elegiis
1348 1165 1491 1231 Alexan·

363 1273 465 1338 drims
482 1271 625 1356 pendere
641 1271 894 1354 Gollnischius1)
911 1270 1046 1356 probare
1061 1270 1177 1336 studet
1201 1269 1290 1335 Haec
1306 1270 1378 1353 ipsa
1392 1268 1491 1354 igitur

361 1377 502 1460 primum
520 1374 738 1458 inspiciamus.
774 1372 882 1438 Ovidii
900 1374 1005 1458 elegia
1023 1374 1179 1458 epistulae
1197 1373 1299 1438 instar
1317 1379 1375 1454 est,
1394 1391 1490 1455 quam

361 1478 497 1563 puellae,
513 1496 595 1560 quae
608 1476 692 1541 dona
702 1481 898 1560 poposcerat
914 1477 1021 1541 mittit
1045 1477 1134 1542 Idem
1146 1476 1245 1561 igitur
1255 1478 1389 1560 spectat,
1405 1472 1491 1558 quod

363 1583 550 1666 Propertius
565 1582 600 1645 in
615 1580 761 1664 epistolio
777 1580 901 1662 111012,
916 1580 1013 1666 longe
1028 1583 1135 1648 umen
1150 1580 1243 1646 aliter
1257 1599 1324 1645 rem
1342 1579 1490 1644 instituit.

362 1684 531 1749 Prooemio
548 1682 643 1764 enim,
662 1681 748 1764 quod
763 1700 876 1746 versus
893 1684 1004 1746 1-14
1020 1683 1250 1768 complectitur,
1269 1682 1382 1766 quanti
1398 1683 1491 1746 antea

362 1786 501 1870 puellam
524 1805 615 1851 suam
634 1784 756 1866 recent
780 1787 928 1868 exponit:
954 1787 1191 1852 cumheroinis
1213 1805 1338 1852 seeum
1363 1805 1490 1868 compa-

361 1907 458 1970 rasse,
481 1887 592 1954 Iovem
615 1889 646 1952 in
671 1907 709 1953 ca
726 1888 861 1953 rivalem
879 1888 1034 1970 timuisse,
1058 1909 1146 1954 nunc
1169 1907 1296 1953 omnem
1320 1887 1490 1952 cucurrisse

362 2011 512 2057 amorem.
543 1990 669 2056 Deinde
687 1991 726 2056 ab
744 1992 848 2075 ipsius
867 1991 920 2056 dei
937 1992 1132 2076 imaginibus
1150 1992 1314 2076 profectus
1333 1993 1388 2074 (17
1392 1991 1490 2072 -201

362 2094 464 2178 docet,
481 2115 576 2178 quam
591 2097 686 2178 turpe
700 2095 742 2159 sit
755 2113 897 2159 amorem
908 2093 1064 2160 vendere:
1081 2095 1265 2160 meretrices
1279 2095 1342 2158 hoo
1356 2093 1489 2174 iaciunt,

362 2195 420 2261 sed
437 2197 563 2262 lenonis
581 2199 673 2263 iussu
692 2204 822 2264 coactae
840 2198 1005 2282 (tl—24),
1024 2197 1176 2281 feraeque
1194 2199 1282 2282 ipsae
1301 2197 1341 2262 ab
1361 2197 1422 2262 hac
1437 2195 1490 2260 ab·

362 2300 484 2365 stinent
499 2300 699 2385 turpitudine
715 2303 885 2386 (25-30);
902 2300 958 2365 sed
976 2301 1072 2366 etiam
1086 2301 1242 2366 iniustum
1255 2301 1318 2367 hoc
1334 2303 1399 2380 est;
1416 2319 1489 2364 nam

362 2401 474 2468 eadem
492 2422 527 2468 rc
546 2410 579 2469 et
595 2405 647 2468 vir
665 2410 698 2470 et
714 2405 836 2470 femina
853 2405 1007 2469 iuvantur
1024 2405 1188 2488 (al-36).
1212 2404 1295 2470 Cum
1313 2405 1385 2469 iura
1404 2423 1489 2468 com·

362 2509 595 2589 memoraverit,
611 2506 652 2571 ad
662 2507 874 2592 turpitudinis
885 2507 993 2572 locum
1004 2506 1103 2573 redit:
1120 2509 1256 2572 infames
1271 2508 1371 2591 empti
1383 2510 1488 2587 testas,

361 2608 495 2690 iudices
522 2611 659 2692 patroni,
686 2609 817 2674 infamis
845 2610 940 2675 etiam
964 2611 1067 2676 amica
1089 2610 1180 2676 lucro
1205 2610 1302 2675 ducta
1323 2610 1488 2695 (st-42)

362 2711 424 2778 Sed
443 2732 485 2778 nc
504 2713 658 2779 conducit
675 2713 822 2798 quidem:
841 2715 982 2798 primum
1002 2715 1096 2798 enim,
1115 2715 1254 2800 pretium
1270 2713 1328 2779 ubi
1345 2714 1488 2792 solveris,

361 2817 482 2900 gratiae
505 2819 615 2883 nullus
637 2820 701 2883 iam
724 2819 816 2883 locus
835 2821 999 2911 (43Τ46),
1023 2819 1140 2886 deinde
1157 2821 1262 2904 turpis
1285 2820 1369 2885 lucri
1388 2817 1488 2882 malus

361 2937 490 3003 semper
513 2927 647 2985 eventus
671 2927 720 2985 est
741 2921 906 3005 (ta-52).
937 2923 1102 2987 Amatoris
1125 2922 1265 2986 maxime
1284 2939 1421 3006 persona
1440 2937 1488 2984 re

362 3021 528 3104 spicienda
546 3033 610 3087 est:
632 3021 749 3087 divites
767 3043 903 3088 munera
920 3032 1101 3108 poscantur,
1120 3043 1242 3110 pauper
1259 3024 1378 3106 officia,
1397 3029 1489 3107 poeta

362 3128 512 3208 carmina,
537 3145 620 3210 quae
638 3127 825 3210 pretiosiora
844 3127 959 3210 quovis
977 3145 1111 3192 munere
1129 3127 1202 3191 sint
1228 3125 1343 3191 Totum
1361 3143 1487 3191 carmen

360 3229 469 3313 lepida
492 3229 613 3295 claudit
635 3231 809 3295 sententia:
840 3249 884 3314 se,
908 3231 936 3294 si
954 3233 1112 3315 poscatur,
1139 3233 1226 3296 certe
1250 3250 1315 3295 non
1339 3229 1486 3294 daturum

362 3350 441 3414 esse,
460 3337 493 3396 at
509 3332 646 3398 tortasse
665 3331 815 3398 daturum
834 3351 914 3416 esse,
933 3333 961 3398 si
980 3353 1045 3399 non
1060 3339 1220 3418 poscatur.
1251 3331 1367 3396 Contra
1382 3330 1488 3396 Philo·

362 3439 479 3500 stratus
502 3434 628 3500 duabus
651 3435 715 3500 illis
738 3436 884 3520 epistulis
907 3439 1023 3501 tractat
1046 3438 1137 3518 θέειν,
1165 3436 1291 3501 scilicet
1313 3436 1359 3500 ὄιι
1382 3435 1487 3514 πένητι

363 3538 474 3615 ἐρῶντι
502 3541 623 3616 μᾶλλον
650 3540 811 3618 χαριετέον
839 3541 1027 3622 ἢπλουείῳ.
1065 3537 1160 3604 Hanc
1187 3539 1353 3603 rhetorum
1381 3537 1487 3612 λόγοι(

362 3641 522 3718 ἐρωτικοῖς
540 3639 650 3705 deberi
674 3641 781 3705 statim
804 3641 976 3725 apparebit,
1000 3642 1028 3705 si
1044 3639 1184 3706 Phaedri
1206 3639 1364 3706 Platonici
1382 3639 1486 3703 locum

363 3763 391 3825 p.
409 3743 501 3807 2270
519 3743 680 3826 respicies,
698 3742 756 3808 ubi
774 3745 919 3808 narranti
936 3743 1099 3810 Phaedro:
1120 3746 1201 3822 λέγει
1219 3742 1425 3827 γὰρ(Λυείαε),
1444 3739 1487 3804 ὼε

363 3846 524 3924 χαριετὲον
547 3847 586 3924 μή
611 3845 723 3924 ἐρῶντι
746 3849 866 3924 μᾶλλον
889 3848 908 3926 ἢ
932 3847 1043 3927 ἐρῶντι
1065 3847 1239 3931 respondet
1261 3845 1423 3911 Socrates:
1448 3841 1487 3906 Ὢ

362 3950 516 4029 γενναῖοι,
540 3947 603 4012 εἴθε
620 3949 780 4031 γράψειεν,
804 3950 854 4014 ὼε
873 3951 941 4030 χρὴ
961 3951 1091 4030 πένητι
1114 3953 1258 4030 μᾶλλον
1276 3949 1295 4028 ἢ
1313 3947 1486 4029 πλουιίῳ.

364 4047 445 4113 Cum
464 4052 496 4113 et
515 4047 658 4134 Ovidius,
681 4051 798 4134 inquo
821 4053 926 4118 τελικὰ
948 4051 1004 4117 illa
1026 4052 1182 4134 κεφάλαια
1203 4051 1272 4136 ipse
1291 4047 1487 4116 animadver-

364 4149 445 4232 tisti,
474 4156 506 4215 et
528 4151 740 4218 Philostratus
763 4151 803 4219 de
826 4153 991 4219 rhetorum
1014 4153 1298 4220 declamationibus
1321 4151 1487 4238 pendeant,

364 4253 577 4264 1——

458 4297 476 4364 ¹)
495 4294 690 4363 ‘Quaestiones
709 4298 861 4369 eleuacae'
879 4315 906 4370 l)-
919 4300 955 4354 39
964 4315 1024 4372 sqq.
