2872 4822
274 342 339 405 192
699 349 818 405 Victor
837 350 980 419 Copton,

273 528 363 602 χοαῖς
376 528 431 587 aut
444 543 517 588 cum
530 523 690 588 Panschio
703 523 752 603 (N.
762 524 872 588 Jahrb.
884 523 906 587 i.
919 524 1032 588 Philol.
1046 525 1165 605 CXIII,
1180 526 1276 605 1876,
1290 544 1319 607 p.
1334 525 1409 604 208)

272 627 291 703 ἢ
315 628 402 706 παρὰ
423 627 538 692 Νείλου
559 632 714 706 προχοαῖς
737 628 944 691 scribendum
968 629 1036 693 erit
1068 630 1176 712 Atque
1196 628 1345 711 exempla
1369 647 1408 692 ex

272 730 389 793 Aesch.
410 729 494 812 Sept.
512 731 578 793 374
606 730 681 807 παρ’
703 727 821 810 ὄχθαιςΙ
843 732 1008 809 ποταμίαις
1039 737 1071 796 et
1097 732 1193 815 Soph.
1214 731 1326 796 Trach.
1344 733 1407 795 524

271 838 421 911 coiceret
443 826 520 911 παρ’
537 833 627 916 ὄχθῳ
651 855 670 896 a
688 835 848 898 Panschio
872 835 912 897 ad
932 836 1149 899 coniecturam
1174 853 1266 897 snam
1291 835 1407 899 confir·

271 937 421 1000 mandam
437 937 531 1001 allata
549 937 637 1002 hisce
654 937 734 1002 locis
751 957 870 1021 augere
890 957 1074 1020 possumus:
1094 938 1171 1001 Eur.
1188 937 1235 1001 El.
1249 939 1315 1001 863
1333 938 1406 1016 παρ’

269 1042 414 1119 Ἀλφειοῦ
440 1041 591 1123 ῥεέθροις,
613 1040 685 1105 Hel.
703 1042 768 1104 250
792 1041 879 1118 παρὰ
904 1043 1100 1118 Σιμουντίοις
1126 1040 1235 1120 ῥοαῑςι,
1259 1040 1349 1122 Cyci
1366 1041 1407 1103 66

272 1145 400 1221 κρήναις
431 1143 505 1221 παρ’
527 1143 730 1225 ύδροχύτοις,
761 1144 853 1206 Pind.
874 1143 898 1206 Ι.
912 1145 951 1226 V,
972 1145 1015 1206 42
1041 1144 1157 1208 Καΐκου
1190 1144 1265 1221 παρ’
1290 1143 1406 1223 ὄχθαις,

272 1246 535 1328 Bacchyl.(Blass
543 1246 647 1310 ed.HI
659 1247 821 1328 1904)ΠΙ,
829 1248 871 1310 20
879 1248 967 1326 παρὰ
981 1247 1149 1312 Καςταλίας
1163 1247 1314 1327 ῥεέθροις,
1320 1247 1359 1326 V,
1366 1248 1406 1309 64

272 1351 359 1428 παρὰ
377 1351 527 1415 Κωκυτοῦ
546 1350 696 1430 ῥεέθροις,
722 1351 861 1432 denique
884 1351 985 1415 nostri
1008 1350 1064 1414 Ra
1083 1351 1169 1413 1309
1186 1349 1263 1427 παρ’
1281 1349 1406 1414 ἀενάοις

273 1454 427 1530 θαλάςςης
440 1453 555 1530 κύμαςι.
568 1453 637 1515 Iam
657 1460 692 1516 ut
710 1453 750 1516 ad
768 1453 945 1517 iocativnm
963 1451 1141 1532 redeamus,
1152 1452 1205 1515 hic
1218 1472 1313 1516 casus
1324 1451 1405 1515 haud

272 1573 343 1618 raro
364 1560 538 1638 usurpatur
561 1556 600 1618 ab
619 1555 761 1620 Homero
786 1562 818 1620 et
840 1556 970 1638 tragicis
989 1557 1120 1634 Atticis;
1146 1555 1293 1619 conferas
1313 1555 1403 1620 velim

272 1656 543 1722 Kuehner-Gerth
568 1658 621 1721 Gr.
639 1659 691 1721 Gr.
708 1659 760 1722 Π1
785 1662 804 1737 ‚Q
829 1659 895 1721 426
923 1679 952 1741 ρ.
969 1659 1044 1721 441.
1080 1660 1187 1740 Atque
1216 1658 1404 1722 testimoniis

272 1761 317 1824 ibi
342 1763 503 1844 congestis
527 1761 645 1825 addere
668 1762 758 1825 iuvat
780 1761 856 1825 Eur.
873 1761 990 1825 Bacch.
1009 1763 1051 1824 68
1074 1763 1119 1824 τίς
1145 1761 1228 1844 ὁδῷ,
1253 1763 1298 1824 τίς
1324 1761 1403 1843 ὁρῷς

271 1865 316 1928 τίς
340 1867 521 1944 μελάθροις,
552 1864 645 1948 Soph.
663 1867 737 1928 Ant
757 1867 842 1928 1079
874 1865 1004 1942 ἀνδρῶν
1026 1868 1185 1939 γυναικῶν
1209 1869 1275 1928 ςοῑς
1299 1865 1404 1941 δόμοις

273 1971 454 2048 κωκύματα,
477 1967 587 2031 Trach.
605 1969 669 2031 205
694 1968 925 2032 ἀνολολυξάτω
946 1969 1066 2046 δόμοις.
1091 1967 1147 2030 Sin
1172 1974 1281 2031 autem
1298 1966 1404 2030 belse

272 2091 335 2135 nus
358 2072 393 2133 in
417 2071 463 2134 Pl.
481 2074 498 2134 7
504 2073 545 2134 25
571 2091 645 2135 cum
669 2071 766 2134 verbo
791 2072 1019 2148 ὑπομνύμενον
1044 2070 1188 2133 dativum
1211 2074 1279 2133 ταῖς
1303 2071 1404 2148 ἐκκλη-

274 2176 348 2239 ςίαις
364 2176 542 2256 coniunxit,
562 2195 692 2258 prorsus
707 2175 808 2238 falsus
824 2180 880 2239 est
905 2174 985 2250 Quis
1002 2175 1088 2238 enim
1104 2173 1247 2238 Graecus
1268 2192 1405 2255 unquam

274 2277 357 2340 dixit
368 2278 549 2356 ὑπόμνυμαί
560 2281 638 2342 τινιί
654 2278 767 2360 Itaque
779 2298 852 2341 cnm
864 2278 998 2341 Velseni
1013 2277 1109 2341 lectio
1122 2285 1206 2340 stare
1223 2296 1287 2339 nou
1301 2276 1404 2358 possit,

274 2399 402 2444 versum
428 2381 570 2444 sanaturi
598 2381 842 2464 proficiscamur
869 2380 909 2444 de
933 2399 1013 2444 voce
1037 2380 1270 2457 ἐπομνύμενον.
1308 2378 1404 2455 Quam

274 2483 396 2566 primus
410 2484 565 2547 Girardus
580 2491 669 2549 recte
685 2485 719 2547 in
732 2485 960 2562 ὑπομνύμενον
973 2482 1156 2547 emendavit
1172 2484 1263 2546 nisus
1276 2482 1405 2546 Polluce

273 2587 363 2668 vni,
381 2589 439 2650 56:
461 2588 627 2666 ύπωμοςία
646 2590 681 2650 bt
701 2589 789 2668 ἐςτιν,
809 2586 887 2651 ὅταν
905 2607 950 2650 τις
969 2589 988 2664 ἢ
1008 2589 1153 2665 ψήφιςμα
1172 2588 1191 2664 ἢ
1211 2587 1316 2662 νόμον
1334 2605 1405 2662 γρα-

274 2691 376 2768 φέντα
399 2693 556 2768 γράψηται
580 2691 625 2754 ὡς
649 2690 882 2767 ἀνεπιτήδειον·
906 2693 1006 2753 τοῦτο
1030 2690 1091 2766 γὰρ
1118 2690 1337 2765 ύπομόςαςθαι
1361 2689 1405 2751 u-

273 2813 381 2867 γουςιν
405 2796 437 2855 et
454 2792 632 2875 Hyperidis
651 2792 758 2855 verbis
777 2791 826 2873 (tr.
844 2793 908 2855 202
932 2792 967 2854 in
987 2791 1086 2855 Blasii
1106 2790 1220 2856 cdlii
1242 2793 1341 2870 1894)
1361 2791 1406 2854 καὶ

275 2898 344 2974 ἐμοὶ
364 2899 419 2974 μὲν
440 2895 595 2975 ςυμβάςης
613 2895 788 2974 ἀρρωςτίας
807 2898 856 2959 καὶ
876 2896 1104 2973 ὑπομοςθείςης
1123 2897 1239 2972 ταύτης
1261 2899 1318 2972 τῆς
1336 2914 1406 2972 γρα-

274 3003 340 3077 φῆς
364 2999 520 3077 ἀνεβλήθη
542 2999 560 3061 ὁ
581 2999 669 3073 ἀγὼν
693 2999 728 3061 in
748 2998 845 3062 schol.
862 2996 902 3061 ad
922 3018 950 3061 ν.
967 3001 1112 3061 nostmm
1132 2996 1272 3079 prolatis.
1298 2996 1408 3078 Neque

275 3101 408 3164 dubium
427 3101 505 3163 mihi
517 3100 653 3181 videtur,
670 3102 750 3182 quin
763 3121 867 3165 accus.
881 3101 961 3183 plur.
974 3102 1030 3164 τὰς
1046 3102 1205 3178 ἐκκληςίας
1224 3120 1299 3163 cum
1312 3099 1408 3164 verbo

274 3203 502 3283 ύπομνύμενον
531 3202 777 3287 coniungendus
805 3209 837 3267 et
866 3221 977 3267 versus
1006 3203 1055 3265 sic
1084 3202 1258 3266 vertendus
1287 3202 1345 3264 sit:
1376 3204 1410 3264 ut

275 3326 347 3370 mea
365 3326 461 3390 opera
478 3308 604 3372 desinas
621 3309 787 3370 contiones
805 3308 936 3386 eierare,
956 3308 975 3369 i.
993 3325 1019 3369 e.
1036 3325 1095 3388 per
1110 3306 1295 3381 ύπωμοςίαν
1314 3306 1410 3368 inter·

276 3410 400 3489 cedere,
426 3430 466 3473 ne
489 3410 522 3472 id
546 3410 632 3493 quod
655 3411 688 3472 in
718 3409 923 3474 contionibus
953 3410 1060 3491 agitur
1089 3407 1129 3471 ad
1159 3413 1312 3471 eventum
1341 3427 1409 3490 per·

275 3514 392 3577 veniat.
418 3512 464 3576 cf.
482 3515 656 3577 terminum
675 3514 861 3578 technicum
884 3513 1035 3576 Latinum
1059 3510 1187 3575 “forum
1207 3511 1353 3574 eiemre'’
1377 3512 1409 3573 in

277 3615 442 3679 Ciceronis
466 3623 525 3679 act.
550 3616 583 3678 in
601 3617 692 3679 Verr.
709 3616 759 3679 ΙΙΙ
783 3618 802 3698 6
828 3619 911 3679 137:
936 3615 1174 3697 “negotiatores
1206 3614 1269 3676 sibi
1298 3618 1412 3697 putant

276 3737 348 3782 esse
372 3724 465 3803 turpe
489 3718 522 3781 id
545 3719 651 3782 forum
676 3719 737 3782 sibi
761 3719 907 3800 iniquum
933 3720 1065 3795 eierare,
1094 3717 1150 3780 ubi
1175 3716 1410 3798 negotientur”.

275 3820 389 3884 Totum
409 3824 515 3885 autem
534 3822 641 3885 locum
661 3822 778 3904 optime
797 3823 1025 3904 interpretatur
1044 3820 1083 3883 H.
1100 3819 1278 3900 Holdenus,
1303 3819 1410 3901 quiin

277 3924 482 3987 Onomastico
499 3926 733 4007 Aristophaneo
750 3943 773 3986 s.
785 3944 814 3986 ν,
832 3925 1018 4001 Νεοκλείδης
1037 3923 1118 3986 haec
1133 3925 1254 3985 monet:
1273 3921 1411 3985 “Narra-

277 4032 330 4090 tur
348 4028 562 4110 Aesculapius
582 4027 769 4091 Neoclidem
782 4033 877 4109 prout
897 4025 1081 4089 merebatur
1099 4043 1238 4105 curasse,
1258 4026 1410 4087 nimirum

277 4132 440 4194 cruciatus
464 4131 533 4194 eius
557 4134 590 4194 et
612 4132 798 4194 caecitatem
822 4147 952 4211 augens
977 4148 1040 4210 quo
1065 4128 1190 4190 eiurare
1209 4130 1320 4209 posset
1339 4145 1412 4191 oon·

277 4234 412 4315 cionem,
424 4235 610 4315 tid-725,
623 4239 654 4297 et
667 4233 845 4297 caeciorem
856 4233 951 4296 etiam
970 4251 1065 4313 quam
1077 4236 1145 4294 erat
1156 4237 1230 4294 ante
1241 4229 1411 4294 reddens’'.
