2872 4822
257 353 444 421 Quaestiones
463 354 577 410 criticae
597 354 626 409 in
644 355 841 426 Aristophanis
859 355 978 412 fabulas.
1123 354 1185 414 195

63 529 108 610 λίιμ
122 564 163 572 -
177 532 302 608 παιῶνι,
319 525 470 590 Μαιιιιιιᾶ.
486 529 517 608 4,
536 527 706 609 231,7Ι,8
727 527 778 612 [Κ.
795 531 869 610 535,
886 529 919 613 8]
939 532 1079 614 γαμηλίῳ
1097 531 1186 612 λέχει,

62 631 170 694 dasch.
188 629 299 713 Suppl.
316 632 380 694 813
405 631 469 709 πρὸ
489 632 593 695 κοίτατ
611 633 773 713 γαμηλίου,
797 631 932 696 Eumen.
950 633 1015 698 838
1035 635 1186 712 γαμηλίου

59 735 170 813 τέλους,
198 733 339 816 Cboeph.
356 735 422 797 485
446 733 524 812 χοότ
539 770 581 778 -
598 735 777 812 γαμηλίους,
800 733 837 796 fr.
856 734 920 796 242
940 736 1101 813 γαμηλίων
1119 737 1186 799 λὲκ-

57 856 148 916 τρων,
165 836 244 900 Ευτ.
261 835 345 900 Med.
360 839 424 900 673
441 837 536 914 εὐνή(
552 838 773 915 -γαμηλίου,
792 837 878 900 1026
894 837 1068 915 γαμηλίου(
1083 839 1187 920 εὐνᾶς,

57 938 154 1004 Orest
182 941 270 1003 1050
293 942 446 1018 γαμηλίου
474 941 596 1021 λέχους,
623 938 734 1001 Ττοιιό.
756 940 821 1002 352
846 941 944 1018 μὲλετι
961 976 1003 986 -
1019 942 1186 1021 γαμηλίοις

56 1042 87 1106 ir.
113 1044 233 1124 781,4
264 1044 436 1120 γαμηλίου(
467 1043 606 1121 μολπᾶς,
638 1042 774 1123 781,17
806 1043 959 1119 γαμήλιον
990 1042 1187 1124 Ἀφροδίταν,

56 1145 87 1208 ir.
104 1148 172 1210 889
190 1147 345 1222 γαμήλιον
362 1146 463 1222 λέχος.
487 1143 696 1208 Adiectivum
710 1147 843 1223 γαμικὴν
860 1145 958 1226 igitur
973 1164 991 1209 e
1007 1146 1188 1208 vetustissi·
1254 1156 1256 1158 ’

57 1267 103 1310 mo
127 1248 323 1330 glossemate
347 1247 419 1310 voci
438 1248 592 1324 γαμήλιον
616 1248 833 1331 superscripto
857 1248 890 1310 in
914 1251 1040 1311 textum
1062 1247 1185 1311 illatum

58 1351 190 1415 ridetur.
222 1349 292 1425 Quo
311 1350 394 1413 iacto
418 1351 646 1431 grammaticus
670 1351 872 1433 nescioquis
896 1352 1073 1434 scripturae
1097 1349 1186 1414 codd.

57 1560 185 1639 prosuit.
220 1557 289 1620 lam
314 1576 355 1620 ne
382 1557 553 1621 lectionem
577 1557 637 1621 RV
661 1559 779 1622 διδότω
803 1579 847 1622 τι(
874 1558 981 1621 verbis
1006 1558 1065 1622 ΒΔ
1089 1558 1187 1622 schol.

59 1662 139 1724 δότω
163 1681 209 1725 τι(
233 1662 392 1744 potiorem
416 1661 581 1742 ducamus,
611 1681 685 1724 cum
708 1663 837 1725 numeri
861 1663 957 1725 huius
981 1682 1095 1726 versus
1119 1669 1188 1725 tum

59 1765 212 1829 sermonis
237 1783 316 1826 usus
340 1765 596 1847 Aristophaneus
620 1765 731 1846 obstat,
755 1765 795 1829 de
819 1785 882 1846 quo
905 1765 1187 1830 Hemsterhnsium

59 1868 94 1930 ad
123 1869 169 1931 Pl.
191 1868 278 1933 1195
307 1866 451 1931 Koclrius
478 1869 513 1930 in
541 1867 646 1931 adnot
670 1868 709 1931 ad
734 1871 898 1931 Av.1579
927 1869 1051 1931 collatis
1078 1868 1188 1932 multis

60 1971 213 2054 exemplis
243 1971 321 2035 haec
345 1970 609 2034 animadvertisse
632 1973 771 2033 monuit:
801 1970 959 2048 “Quando
984 1973 1016 2034 iu
1040 1991 1188 2034 scaenam

60 2074 175 2157 aliquid
200 2074 338 2157 proferri
363 2073 489 2156 sibique
511 2075 631 2156 porrigi
655 2075 828 2157 postulant
852 2076 920 2138 fere
943 2076 1121 2156 legitimum
1141 2083 1190 2138 est

60 2179 137 2241 δότω
157 2199 213 2258 τιε,
238 2179 361 2242 ἐκδότω
380 2178 454 2241 πτ”.
480 2176 568 2253 Quae
588 2198 663 2240 cum
682 2179 724 2241 ita
744 2179 817 2258 sint,
842 2199 870 2242 v.
888 2186 996 2242 noster
1015 2180 1062 2242 sic
1080 2178 1189 2261 legen·

61 2279 113 2343 dus
137 2289 203 2345 cst:
225 2283 377 2358 γαμήλιον
402 2284 535 2359 χλανίδα
559 2281 645 2344 δότω
668 2302 711 2345 τι(
735 2283 834 2359 δεῦρό
859 2303 918 2360 μοι.

146 2385 357 2466 Vesperum
378 2403 406 2446 v.
424 2385 488 2446 570
508 2383 555 2447 sio
574 2384 726 2447 traditur:
746 2388 784 2447 τὰ
801 2389 836 2449 δὲ
852 2384 1046 2464 (υγκόψαντ’
1065 2385 1106 2464 όίμ
1125 2385 1189 2464 ἅμα

63 2491 222 2566 βληχᾶται·
243 2488 363 2551 κᾶπειθ’
380 2491 441 2552 κτλ.
461 2489 494 2550 iu
514 2488 550 2569 R,
568 2489 608 2550 τὰ
635 2492 670 2552 δὲ
691 2488 882 2566 (υγκόψαντ’
904 2490 1097 2568 ἀποβληχᾶτ’
1114 2494 1188 2570 (sec.

64 2589 175 2664 Herm.)
190 2590 312 2654 κᾶπειθ’
325 2594 386 2655 κτλ.
399 2592 432 2653 in
451 2591 487 2654 V.
501 2590 632 2654 Lemma
651 2592 749 2654 schol.
764 2591 791 2652 V
805 2591 937 2674 praebet
952 2593 1015 2669 ἅμα
1030 2596 1186 2671 βληχᾶται.

63 2691 140 2758 Huic
157 2694 269 2758 versui
293 2694 434 2756 sanando
458 2694 550 2756 multi
568 2695 671 2758 critici
691 2694 893 2759 studuerunt.
913 2694 1101 2758 Dindorlius
1118 2698 1188 2778 qui-

64 2795 125 2862 dem
157 2799 278 2862 lemma
305 2798 403 2861 schol.
431 2797 458 2858 V
482 2803 612 2862 secutus
636 2797 699 2873 ἅμα
721 2801 868 2876 βληχᾶται
892 2800 1028 2880 scripsit.
1053 2798 1146 2875 Quod
1170 2820 1188 2862 a

63 2903 197 2965 numeris
222 2901 364 2964 alienum
388 2907 444 2981 est,
469 2921 543 2964 cum
562 2900 684 2981 syllaba
708 2922 749 2977 μα
769 2907 843 2964 ante
866 2901 988 2965 litteras
1009 2907 1046 2980 βλ
1070 2904 1186 2985 corripi

64 3022 115 3068 uon
139 3005 253 3088 possit.
278 3004 325 3066 Cf.
351 3006 387 3067 A.
408 3003 525 3086 Koppii
550 3005 784 3086 quaestionem:
810 2991 921 3068 “Uber
940 3007 1053 3088 positio
1074 3004 1187 3068 debilis

64 3107 117 3169 und
141 3107 306 3189 correptio
332 3106 459 3169 Attioa”
483 3107 516 3168 in
541 3105 624 3168 Mus.
648 3106 748 3170 Rhen.
770 3106 856 3188 XLI,
876 3109 969 3189 1886,
990 3129 1018 3191 p.
1035 3110 1100 3171 248
1117 3128 1186 3190 sqq.

63 3205 209 3274 lisinelrii
239 3228 316 3271 vero
348 3209 506 3291 scriptura
532 3211 571 3272 τὰ
595 3212 632 3272 δὲ
655 3211 868 3284 (υγκύτττοντα
898 3213 1045 3289 βληχᾶται
1074 3211 1123 3274 ναί
1149 3231 1186 3274 eo

63 3312 254 3396 repudianda
277 3318 334 3391 cst,
358 3312 443 3393 quod
468 3333 487 3375 a
510 3312 701 3376 lectionibus
725 3312 785 3375 RV
808 3313 935 3396 longius
959 3314 1103 3377 discedit.
1123 3314 1186 3377 Ne-

61 3432 114 3496 que
132 3419 165 3480 in
186 3414 350 3496 Blaydesii
374 3415 598 3478 emendatione
621 3417 659 3479 τά
679 3419 714 3478 δὲ
734 3416 939 3489 τυγκύπτονθ
956 3417 1020 3494 ἅμα
1038 3420 1186 3494 βληχᾶται

62 3521 172 3583 versari
194 3537 313 3601 operae
331 3519 470 3600 pretium
491 3525 546 3581 est.
571 3518 638 3580 lam
656 3517 743 3600 quod
762 3518 917 3601 Bergkius
934 3519 1088 3602 probante
1104 3519 1186 3582 Her-

62 3622 201 3686 uerdeno
226 3622 261 3683 in
287 3620 406 3683 linem.
431 3620 510 3683 Nor.
536 3620 601 3684 Ser.
621 3620 662 3701 X,
685 3621 780 3701 1882,
799 3641 828 3704 p.
849 3624 891 3684 86
916 3623 1109 3700 ἀμβληχᾶται
1129 3642 1187 3704 per

61 3723 223 3802 ἀποκοπὴν
248 3743 305 3807 pro
326 3722 537 3802 ἀναβληχᾶται
561 3725 698 3807 scripsit,
716 3724 754 3787 ab
779 3744 817 3787 eo
841 3731 1006 3808 propterea
1023 3724 1186 3805 dissentio,

60 3829 135 3908 quod
155 3829 219 3891 alia
240 3827 390 3910 exempla
409 3827 575 3905 ἀποκοπῆς
591 3826 630 3890 ab
644 3827 859 3910 Aristophane
875 3827 1036 3890 adhibitae
1054 3847 1117 3889 non
1137 3829 1187 3889 in·

61 3932 123 3994 reni
148 3935 211 3995 nisi
235 3933 274 3994 iis
293 3930 382 4008 locis,
407 3931 461 4012 qui
481 3929 612 4013 parodia
631 3936 706 3993 sunt
722 3949 874 3994 versuum
895 3931 1098 4012 tragicorum,
1115 3949 1141 3993 e.
1157 3952 1186 4013 g.

61 4030 105 4097 Ra
128 4038 210 4098 1477
234 4037 279 4098 τί(
298 4031 383 4098 οἶδεν
404 4035 429 4097 εί
453 4037 489 4097 τὸ
510 4038 567 4111 Ζῆν
587 4036 643 4113 μέν
664 4035 721 4098 ἐττι
739 4038 914 4113 κατθανεῖν,
934 4033 1052 4113 antiis,
1070 4033 1186 4113 quibus

61 4141 192 4202 comicus
218 4156 374 4220 personas
393 4138 519 4201 Atticae
539 4136 666 4200 dialecti
688 4137 813 4199 nescias
833 4136 1002 4218 loquentes
1026 4135 1111 4215 facit,
1132 4156 1185 4198 ve-

61 4235 100 4301 lut
120 4243 224 4306 civem
250 4240 473 4322 Megarensem
499 4241 531 4303 in
556 4241 638 4304 Ach.
664 4242 727 4303 732
757 4240 874 4319 ἄμβατε
901 4240 1023 4327 ποττὰν
1051 4242 1185 4317 μᾶδδαν,

1024 4362 1073 4415 13*
