2940 4792
286 308 328 389 28
656 311 795 381 Ludwig
813 311 1048 380 HIndenlang,
1155 383 1158 389 Ι

286 487 510 550 Καππαδοκίαν
533 487 583 549 καὶ
601 483 688 548 ὅλωε
708 485 765 561 τήν
784 484 927 548 ἐπέκεινα
944 486 1006 548 τού
1026 483 1165 565 Ταύρου,
1181 483 1263 562 ἧττον
1280 484 1364 547 ιίτοιοι
1452 456 1455 593 Ξ

286 589 366 653 VIII
383 591 412 670 2,
426 591 460 666 9,
477 589 512 652 ἐν
529 587 576 653 οίε
596 589 722 652 είώθαει
736 588 898 666 γίγνεεθαι,
916 587 974 650 οὐκ
991 587 1038 651 ἀεὶ
1054 590 1212 662 γίγνονται
1221 587 1290 650 IIII
1301 588 1366 667 1115,

285 694 334 757 καί
357 712 438 757 τινεε
458 693 650 757 ἀκούεαντεε
671 692 716 756 ιίιε
736 692 886 755 ἐντεῦθεν
905 690 923 768 ἡ
944 692 1077 769 εμύρνα,
1101 692 1245 767 ἡγοῦνται
1261 689 1334 767 IIII,
1344 691 1368 767 4,
1453 677 1455 687 ’

285 795 363 867 ὅταν
382 797 401 874 ἡ
421 797 532 874 φυτεία
551 796 653 872 πυκνή
674 796 728 876 (se.
745 796 784 878 ᾖ),
804 793 919 871 εὐαυξῆ
941 796 998 871 μὲν
1016 795 1055 855 τὰ
1075 795 1194 870 δένδρα
1212 791 1371 872 6.18,3,6

285 901 325 976 μή
354 902 563 978 πρωικαρπεῑ,
594 898 682 974 ὅμωε
710 898 853 975 διαφέρει
883 899 934 978 13,
955 899 974 960 9
999 897 1080 977 (11),
1106 898 1138 962 ἐξ
1162 897 1209 961 ὧν
1231 897 1372 976 διαιρετέον,

284 1001 388 1078 ὥεπερ
420 1002 469 1064 καὶ
496 1001 514 1078 ἡ
544 1002 637 1078 φύειε
668 1003 818 1082 διῄρηται,
848 1001 974 1078 ἡμέροιε
1006 1001 1139 1082 16,13,
1169 1000 1215 1064 δτι
1241 1001 1372 1080 ψυχρίτῇ

283 1103 382 1186 φύεει,
406 1104 569 1183 ὀψίκαρπα
595 1105 645 1184 17,
662 1105 697 1179 8,
722 1104 779 1166 ἐὰν
803 1106 839 1165 δὲ
858 1103 900 1167 είε
921 1106 1052 1180 θωμοὺε
1073 1109 1216 1184 ευντεθῇ,
1238 1104 1374 1179 ἁδρότεροι

284 1205 316 1268 Ο.
329 1205 375 1269 lv
391 1208 442 1288 13,
456 1207 491 1281 6,
512 1206 569 1268 ἐὰν
586 1206 808 1283 προβλάετημά
826 1226 853 1269 τι
869 1207 995 1284 γένηται
1014 1211 1060 1287 τῷ
1080 1212 1203 1289 καρπῷ,
1224 1206 1336 1271 ἔλαττον
1347 1205 1374 1266 ἔτι

281 1311 319 1372 τὸ
345 1307 468 1372 ἄτοπον
494 1308 613 1390 6112,
629 1310 658 1371 2.

372 1410 507 1474 Zusatz:
537 1409 570 1474 O.
584 1411 631 1474 VI
647 1413 681 1493 4,
699 1412 732 1492 2,
757 1410 813 1475 des
836 1411 920 1474 naeh
941 1410 1117 1475 Wimmers
1141 1412 1253 1477 Lesert
1273 1414 1296 1475 εί
1316 1408 1375 1473 δἐίε

201 1585 204 1591 ,
281 1515 318 1578 τὸ
342 1516 473 1579 πλείονα
497 1514 564 1592 εἴδη
589 1510 677 1596 εἶναι,
706 1516 816 1579 ἐκεῖνοι
839 1536 876 1590 γε
900 1514 1056 1578 ebenfalls
1085 1536 1125 1579 zu
1155 1516 1260 1580 dieser
1280 1515 1376 1596 Gruppe

280 1617 426 1699 geherte,
453 1617 500 1681 les
526 1617 611 1682 Prof.
630 1616 705 1681 Keil
729 1617 1027 1700 folgendermassen:
1052 1621 1079 1683 εἰ
1103 1618 1133 1681 δ’
1150 1620 1193 1683 εἰ(
1215 1621 1251 1682 τὸ
1279 1619 1377 1680 πλείονι

280 1723 334 1800 (se.
351 1722 471 1785 τάττειν
500 1723 559 1798 τήν
584 1719 678 1800 φύειν
703 1739 761 1784 aus
789 1719 862 1784 dem
878 1720 1190 1804 Verhergehenden)
1212 1722 1290 1786 ἴδιον
1311 1719 1379 1792 ούιήι

280 1822 320 1904 (d.
338 1824 367 1887 h.
386 1824 444 1887 der
467 1826 569 1906 φύειε)
593 1823 659 1887 und
682 1825 914 1906 interpretiert:
940 1825 1046 1888 ‘wenn
1069 1845 1145 1888 man
1169 1826 1260 1889 nieht
1280 1826 1310 1886 in
1331 1821 1380 1884 dem

280 1926 408 2008 Besten,
421 1927 561 1992 sondern
578 1928 612 1990 in
626 1928 717 1991 einer
728 1927 894 1991 Mehrzehl
907 1926 960 1991 die
972 1928 1276 2011 Urspriingliehkeit
1288 1925 1382 1991 suehen

279 2030 358 2094 soll’.
381 2030 480 2095 Diese
504 2031 685 2113 Konjektur
707 2031 885 2115 bestitigen
908 2032 991 2095 naeh
1010 2031 1137 2095 Bretzls
1156 2031 1334 2115 Mittessung
1348 2028 1384 2090 ίίι

280 2132 380 2215 codd,
412 2134 464 2198 dIe
488 2135 587 2216 nieht,
618 2135 679 2197 wie
701 2134 858 2228 Wimmer
885 2135 1003 2218 engibt,
1034 2137 1111 2198 ίδεῑν
1135 2135 1241 2217 αύιῆι,
1271 2134 1387 2199 sondern

278 2235 359 2301 ίδιον
387 2238 483 2315 αὐτῆε
510 2237 627 2301 bieten.
662 2237 767 2301 Wenn
797 2238 879 2301 nach
902 2241 939 2303 τὸ
964 2241 1098 2302 πλείονα
1127 2238 1181 2302 die
1210 2239 1390 2317 Auslassung

279 2359 342 2403 von
359 2335 439 2404 είναι
454 2361 495 2403 zu
512 2341 583 2404 hart
598 2347 692 2423 were,
717 2361 752 2404 so
769 2341 852 2405 liesse
868 2341 937 2405 sieh
953 2339 1022 2404 dies
1040 2341 1144 2404 dureh
1162 2340 1216 2405 dIe
1232 2332 1393 2421 Inderung

165 2432 167 2434 ’
277 2443 311 2504 iu
334 2444 374 2506 τὰ
397 2445 529 2507 πλείονα
552 2443 738 2527 beseitigen.

593 2614 624 2696 b)
647 2614 744 2678 Hiate
769 2634 826 2678 ver
849 2615 1092 2678 Relativsiitzen.

366 2742 563 2820 ὀζωδὲετερα
579 2744 614 2807 ἐν
631 2742 678 2807 οίε
693 2744 709 2807 Ι
723 2746 751 2825 9,
765 2746 799 2823 3,
818 2745 953 2821 κερωνία
969 2745 1008 2821 ἤν
1026 2745 1075 2825 11,
1089 2745 1124 2818 2,
1144 2747 1250 2823 πικραί
1268 2745 1316 2809 ὡν
1333 2748 1360 2827 ί,
1371 2745 1402 2820 2,

275 2842 352 2910 εἷναι
377 2846 395 2910 ὅ
420 2849 449 2929 7,
467 2849 500 2926 3,
525 2849 618 2922 γένοε
642 2847 677 2911 ἐν
703 2848 818 2928 Κύπρῳ
838 2845 857 2908 δ
876 2845 909 2908 ΙΙ
926 2846 954 2926 6,
971 2849 1006 2922 8,
1030 2846 1127 2910 πλείω
1148 2849 1221 2928 δήῑ)
1241 2848 1262 2910 ἃ
1282 2851 1403 2912 καλοῡει

274 2948 325 3012 ΙΙΙ
342 2951 370 3030 5,
389 2952 422 3028 5,
442 2951 478 3012 τὸ
499 2954 534 3014 δὲ
554 2954 635 3026 θῆλυ
654 2951 693 3026 ἢν
712 2951 838 3013 κολούει
857 2948 907 3011 ΙΠ
925 2949 976 3029 12,
995 2950 1027 3026 1,
1046 2955 1082 3031 τῇ
1102 2947 1178 3027 ὄψει
1197 2949 1216 3027 ἧ
1236 2950 1287 3013 ΠΙ
1306 2952 1356 3031 13,
1373 2951 1404 3028 6,

274 3053 293 3130 ἡ
317 3054 437 3131 ποικίλη
461 3054 501 3130 ἣν
530 3055 569 3130 δή
594 3056 725 3117 καλοῡει
751 3054 805 3133 18,
828 3053 865 3128 8,
895 3051 1007 3130 ὅμοιον
1030 3054 1187 3135 τερμίνθιμ
1217 3055 1236 3117 δ
1261 3053 1310 3116 IV
1324 3057 1357 3133 4,
1373 3056 1405 3131 ί,

274 3156 341 3221 ἔνια
365 3155 385 3220 ἅ
410 3157 490 3238 5,1;
515 3156 550 3220 ἐν
572 3161 618 3238 τῷ
641 3157 820 3237 παραδείειρ
845 3156 878 3217 αἳ
900 3155 954 3219 είει
979 3157 1007 3235 5,
1024 3156 1059 3233 6,
1084 3154 1162 3232 ῥυὰε
1179 3159 1216 3219 δὲ
1232 3160 1371 3232 γίγνεται
1389 3160 1407 3222 ὃ

274 3263 404 3324 κολούει
427 3258 475 3322 IV
493 3260 548 3340 14,
566 3260 600 3336 6,
625 3260 768 3336 κερμηετὶ
796 3256 815 3320 ὅ
840 3259 921 3322 ἐετιν
949 3259 983 3321 ἐν
1012 3261 1124 3341 κοτίνῳ
1148 3258 1180 3319 V
1197 3260 1227 3341 2,
1243 3262 1282 3336 4,
1307 3264 1408 3341 μήτρα

272 3367 312 3443 ἥν
336 3362 434 3442 1113,
453 3362 486 3437 1,
510 3362 586 3438 γένη
610 3361 707 3424 πλείω
733 3361 753 3424 ἃ
777 3365 823 3425 δεῖ
846 3365 976 3440 διαιρεῖν
992 3359 1039 3424 VI
1057 3364 1084 3441 l,
1101 3362 1136 3436 2;
1160 3364 1192 3426 αἱ
1212 3366 1248 3427 δὲ
1269 3366 1408 3441 μέλαιναι

273 3469 321 3529 καὶ
341 3466 641 3544 ἐπιπορφυρίῑουεαι
660 3465 753 3542 αἵπερ
773 3467 822 3528 καί
840 3465 1053 3542 πολυάλφιτοι
1065 3463 1146 3526 VIII
1161 3465 1193 3541 4,
1211 3465 1248 3543 2,
1271 3465 1408 3547 ἀφαυαί-

273 3588 358 3632 νεται
382 3569 400 3631 ὃ
426 3570 552 3631 καλούει
579 3567 628 3648 10,
651 3569 684 3642 3,
714 3566 815 3631 ἐκεῖνό
839 3587 874 3641 γε
898 3567 1053 3646 φανερδν,
1082 3564 1130 3629 ὅτι
1153 3564 1202 3630 ὼν
1227 3568 1408 3646 αὐτόματοι

208 3742 210 3747 .
272 3672 290 3750 ἡ
315 3674 404 3750 πῆξιε
422 3670 546 3735 τούτων
565 3671 684 3734 πλείων
703 3670 721 3747 ἡ
741 3671 872 3749 ἐπιρροή
892 3668 942 3732 IX
961 3670 988 3749 1,
1006 3670 1024 3730 5
1041 3667 1188 3750 (δεκαδύο
1204 3669 1326 3751 jedoeh
1347 3674 1407 3750 ὅτι,

272 3773 402 3837 δίιιιΙίοίι
418 3770 492 3836 sind
508 3770 559 3835 die
577 3771 779 3855 Wortfolgen
796 3771 861 3837 ἐπεὶ
877 3773 933 3837 ἐάν
949 3790 1027 3836 ιιοιτ.
1043 3791 1067 3836 s.
1084 3771 1114 3835 S.
1127 3772 1227 3851 11ι.);
1246 3777 1407 3853 βέλτατον

272 3871 360 3957 εἶναι,
384 3877 403 3939 6
426 3876 570 3952 τέμνεται
592 3872 643 3936 IX
661 3876 688 3956 5,
707 3877 740 3952 1,
770 3878 947 3953 εκλωλήκια
970 3878 1126 3951 γίγνεεθαι
1150 3874 1171 3938 ἅ
1193 3875 1246 3941 IX
1263 3879 1293 3958 5,
1312 3882 1347 3957 3,
1370 3882 1406 3944 τὸ

271 3975 353 4056 ἔχειν
377 3976 413 4040 ἐν
437 3977 539 4058 ἑαυτῷ
564 3977 582 4040 δ
607 3976 670 4042 ἔδει
690 3977 723 4041 Ο.
740 3978 790 4041 ΙΠ
808 3979 859 4059 21,
874 3981 910 4057 4,
932 3977 1039 4043 ἄλυπα
1062 3977 1149 4042 ταῦτ’
1166 3975 1248 4045 εἶναι
1273 3983 1407 4062 ἃχολε-

270 4083 403 4143 πιύτατα
423 4079 455 4143 Ο.
472 4078 520 4142 IV
537 4081 565 4160 9,
584 4081 601 4143 1
621 4081 700 4161 (W),
722 4085 782 4146 τού
800 4086 920 4161 θερμοῦ
937 4083 955 4145 ὃ
973 4083 1131 4158 ευνεξάγει
1152 4082 1187 4146 0.
1202 4083 1252 4146 IV
1271 4087 1323 4164 12,
1350 4088 1404 4165 12,

364 4220 383 4290 ¹)
402 4221 548 4275 Vielleieht
567 4221 603 4276 ist
623 4223 641 4275 ἃ
660 4224 695 4289 δὴ
714 4224 910 4278 umzustellen.
