3308 4938
160 402 348 474 Quaestiones
358 397 564 458 Tertullianeae
574 404 611 458 ad
621 403 723 459 librum
737 404 880 461 Adversus
890 407 1019 462 Praxean
1033 408 1213 477 pertinentes.
1248 403 1287 467 67

160 574 266 639 filium
290 574 524 656 ostendentem,
551 574 672 640 nedum
700 575 796 641 deum
821 578 1002 660 crederent,
1030 580 1290 646 recordare

162 675 290 741 'deum'
322 678 541 741 necessarium
576 683 637 758 est,
668 699 743 744 cum
773 679 884 744 ‘deus'
916 686 1097 765 opponatur
1127 684 1179 748 dei
1210 685 1289 750 filio.

162 780 258 846 'earn’
282 779 378 844 facile
402 799 443 845 ox
468 780 733 846 antecedentibus
752 781 860 847 verbis
879 785 986 848 mente
1005 787 1111 867 potest
1129 786 1289 869 suppleri;

161 903 233 948 narn
263 883 381 948 durum
409 882 489 947 illud
518 883 574 948 ‘ne
598 903 672 948 eurn
696 885 808 950 deum'
836 886 875 950 ab
899 888 1031 950 auctore
1059 893 1167 952 nostro
1191 889 1290 972 scrip-

160 991 228 1052 tum
260 1005 333 1050 esse
363 988 557 1070 negaverim.
594 985 645 1052 Ad
676 987 818 1052 'nedum'
849 989 946 1052 velim
977 991 1139 1054 conteras:
1170 1011 1237 1074 cap.
1259 992 1290 1055 Π

160 1085 431 1171 (229115-3tut:
461 1089 569 1153 ‘etiem
597 1083 674 1154 ante
693 1092 817 1174 priores
841 1111 987 1174 quosque
1016 1092 1207 1174 haereticos,
1234 1113 1290 1158 ne·

161 1192 238 1256 dum
262 1199 336 1256 ante
360 1191 507 1256 Praxean
532 1193 744 1274 hesternunr',
772 1193 820 1258 De
844 1213 930 1258 earn.
956 1193 1028 1257 Chr.
1053 1195 1119 1258 XII
1142 1195 1237 1276 (Oebt.
1257 1197 1290 1260 Π

160 1321 212 1374 aar,
229 1297 286 1374 aet:
313 1294 356 1359 ‘et
379 1295 448 1378 ipsa
471 1295 589 1358 sentiat
612 1297 754 1359 omnium
779 1297 874 1360 etiam
899 1317 1023 1374 sensus
1047 1299 1166 1362 nedum
1187 1300 1289 1382 quali-

160 1401 261 1462 tates.
279 1449 285 1462 .
303 1398 360 1479 3¹).

251 1501 319 1564 Iam
343 1499 383 1564 ad
412 1500 526 1565 ultima
556 1501 654 1565 verba
684 1499 820 1588 (atsto).
857 1503 1034 1586 Praecipue
1065 1505 1117 1587 agi
1149 1503 1188 1569 de
1217 1505 1289 1569 ‘dei

161 1603 302 1667 nomine'
331 1603 536 1687 praecedenti
564 1604 775 1669 confirmatur
802 1609 976 1670 sententia:
1002 1608 1041 1671 ‘si
1066 1608 1211 1673 homines

161 1706 252 1772 deos
276 1707 436 1790 scriptura
459 1707 667 1790 pronuntiare
691 1727 756 1772 non
781 1709 896 1788 timuit,
1020 1710 1290 1796 Engelbrechtius

163 1810 261 1892 igitur
281 1809 324 1874 ‘et
343 1808 484 1891 domini',
509 1809 596 1892 quod
616 1811 743 1874 codices
763 1809 925 1894 praebent,
945 1815 1082 1876 mutavit
1100 1816 1134 1877 in
1154 1815 1198 1879 ‘ct
1217 1814 1290 1880 dei’.

56 1969 58 1976 ,
162 1912 224 1978 Sed
241 1913 269 1976 si
286 1914 456 1996 sequentia
471 1914 670 1997 respexeris:
696 1914 783 1998 ‘ergo
800 1964 806 1977 .
824 1964 830 1976 .
848 1964 854 1978 .
872 1915 1052 1998 provocabo
1071 1911 1116 1998 te,
1133 1925 1169 1982 ut
1195 1919 1290 1982 bodie
1364 1993 1371 2009 ·

160 2035 291 2100 quoque
315 2035 356 2080 ex
381 2018 570 2080 anctoritate
594 2017 727 2080 istarum
751 2017 984 2100 scripturarum
1005 2025 1190 2084 constanter
1209 2021 1290 2084 duos

161 2120 238 2183 deos
263 2123 295 2183 et
318 2120 399 2183 duos
424 2119 570 2184 dominos
588 2119 774 2203 praediccs',
798 2139 863 2183 non
888 2119 939 2184 dei
959 2123 1091 2203 tanbrnr,
1116 2122 1289 2188 sedetiam

163 2224 284 2290 domini
308 2225 471 2288 notionem
496 2225 710 2290 necessariam
735 2224 902 2289 concedes.
938 2223 1048 2289 Laude
1071 2227 1170 2308 igitur
1193 2226 1290 2310 digna

162 2327 363 2410 Kroymanni
383 2329 577 2410 coniectura,
602 2329 711 2410 quiin
731 2327 779 2392 ed.
800 2329 875 2391 min.
895 2348 1002 2392 veram
1022 2328 1163 2392 restituit
1180 2327 1290 2391 lectio-

162 2449 251 2494 ncnr:
284 2430 378 2494 ‘scias
407 2430 494 2494 illam
525 2431 625 2494 multo
656 2431 757 2514 magis
786 2449 862 2495 vero
894 2435 926 2495 et
952 2431 1049 2494 unico
1081 2429 1132 2494 dci
1163 2429 1232 2493 filio
1257 2433 1290 2496 ct

160 2532 242 2609 <dei
267 2539 327 2611 et>
352 2532 474 2598 domini
504 2553 620 2598 nomen
649 2535 720 2598 iure
751 2533 947 2598 contulisse’.
984 2532 1036 2596 Ad
1067 2532 1152 2616 qnod
1184 2533 1288 2597 solum

162 2635 243 2702 bene
256 2655 291 2700 se
305 2636 465 2721 adiungit:
487 2636 613 2721 «⁸ergo',
624 2637 742 2720 inquis,
755 2635 945 2720 'provocabo
956 2623 996 2717 te,
1007 2643 1044 2700 ut
1054 2636 1148 2700 hodie
1159 2656 1288 2720 qnoque

160 2759 201 2803 ex
225 2740 418 2804 auctoritate
441 2741 575 2804 istarum
604 2741 836 2823 seripturarum
866 2743 1049 2804 constanter·
1074 2740 1168 2803 duos
1197 2740 1287 2805 deos

158 2845 196 2907 et
219 2841 315 2906 duos
340 2842 514 2908 dominos
538 2843 746 2928 praedices'.»

251 2948 357 3013 affert
376 2947 492 3012 deinde
512 2954 632 3024 auctor,
657 2946 742 3030 quod
762 2948 825 3011 iarn
841 2967 935 3032 saepe
952 2947 1093 3011 dixerat:
1115 2945 1196 3010 duos
1216 2966 1287 3010 esso

159 3055 281 3135 patrem
305 3055 338 3116 et
360 3051 466 3114 filium
495 3049 676 3114 secundum
703 3050 902 3115 oiionomiae
932 3051 1096 3121 rationem,
1125 3049 1181 3113 sed
1206 3048 1287 3112 duos

157 3153 236 3220 deos
261 3156 294 3219 et
317 3152 398 3217 duos
422 3153 568 3218 dominos
591 3173 768 3236 numquam
791 3154 950 3218 nonrinari
975 3173 1038 3218 eos

248 3253 548 3338 tassilo-tatur)
572 3277 636 3320 non
666 3257 758 3339 quasi
788 3277 852 3320 non
881 3259 914 3320 et
940 3259 1030 3339 pater
1057 3255 1137 3319 deus
1166 3258 1198 3318 ct
1220 3255 1287 3335 (20)

157 3361 247 3425 iilius
275 3359 355 3424 deus
388 3363 420 3423 et
453 3359 586 3444 spiritus
615 3358 694 3422 deus
726 3361 759 3422 et
788 3358 938 3423 dominus
965 3359 1200 3441 unusquisque,
1228 3356 1286 3421 sed

159 3464 311 3547 quoniam
335 3462 465 3541 <idco>
489 3465 574 3527 retro
603 3465 636 3526 et
659 3461 722 3526 duo
748 3461 793 3525 dii
822 3469 854 3526 et
876 3461 940 3526 duo
972 3459 1094 3525 domini
1122 3459 1286 3543 praedica·

158 3565 283 3646 bantur,
315 3568 358 3646 ut,
389 3565 445 3630 ubi
475 3567 618 3630 venisset
646 3565 802 3646 Christus
834 3567 866 3628 et
894 3563 974 3628 deus
1002 3569 1231 3648 agnosceretur
1254 3567 1286 3628 et

156 3667 308 3732 dominus
332 3673 509 3747 vocaretur,
533 3669 722 3752 quintilius
746 3669 797 3733 dei
822 3671 854 3732 et
877 3667 1006 3732 domini.

248 3849 261 3901 1
287 3846 358 3902 deus
382 3864 431 3900 orn.
450 3847 477 3899 P
496 3847 568 3916 (odd.
587 3847 611 3900 R
629 3863 651 3900 a.
670 3865 693 3900 a.
712 3864 746 3900 ea
764 3846 867 3914 Hire.);
906 3848 922 3900 2
946 3846 1062 3916 spiritus
1087 3847 1142 3912 PM,
1169 3845 1285 3915 spiritus

156 3939 274 3987 sanctus
287 3932 346 4000 aa
366 3933 497 3988 dominus
517 3933 594 4001 Ena:
614 3933 684 3986 deus
699 3933 781 4000 PMF;
819 3932 836 3985 3
858 3931 992 4000 quoniam
1011 3932 1116 3984 eadredi
1135 3931 1191 3982 vult
1204 3930 1283 3997 Εηρς

157 4016 220 4072 ideo
239 4017 348 4070 addidit
366 4017 418 4072 Kr.

249 4219 268 4288 ¹)
288 4217 409 4274 'nedum’
427 4235 492 4274 curn
512 4219 692 4274 coniunctivo
711 4219 893 4274 coniunctum
911 4219 986 4288 apud
1005 4216 1207 4272 Tertullianum
1226 4232 1284 4271 non
1365 4269 1368 4274 .

155 4306 272 4374 repperi,
291 4308 386 4359 tamen
406 4321 478 4374 quae
498 4308 594 4360 nostro
613 4306 677 4360 loco
696 4305 817 4360 maxime
830 4303 934 4359 idonea
946 4303 1014 4358 mihi
1028 4301 1159 4357 videntur
1171 4302 1283 4371 protuli.

1125 4411 1157 4464 ὃ*
