2932 4800
30 350 175 423 Epistulae
192 351 349 406 amatoriae
364 352 506 422 quomodo
524 352 697 408 cohaereant
715 370 779 410 cum
793 355 889 425 elegiis
902 330 1109 412 Alexandrinis.
1144 351 1163 413 9

31 524 120 589 sibus
139 523 413 588 Hermesianactis
433 524 649 609 elegiographi
674 526 713 589 ab
733 527 900 592 Athenaeo
923 527 1008 591 XIII
1030 548 1060 611 p.
1074 529 1166 593 59ss

30 628 78 693 ed.
99 627 249 709 Kaibe11)
272 627 410 692 laudatis
429 627 602 692 concludit.
631 627 766 694 Miuime
785 630 879 713 sequi
902 649 943 694 ex
963 632 1165 711 testimoniis,

29 734 65 796 ut
97 729 179 794 illud
206 749 336 795 carmen
355 729 491 812 ‘Lydae'
510 731 697 795 Antimachi
720 731 824 796 simiIe
853 733 958 797 fuerit
994 733 1166 799 Praeterea

28 837 79 900 vir
105 834 254 915 doctusu
278 832 434 897 nonnulla
453 832 632 916 fragmenta
656 833 798 917 elegiaca
821 835 856 898 in
875 837 1006 919 papyris
1029 840 1164 920 reperta,

26 959 114 1024 quae
135 957 210 1002 cum
227 936 372 1020 partibus
392 934 583 1019 quibusdam
601 936 775 1018 elegiarum
795 938 967 1003 latinarum
986 938 1069 1004 bene
1089 959 1165 1004 oon-

25 1041 174 1123 cordent,
198 1040 301 1123 affert,
320 1046 357 1103 ut
375 1039 490 1124 probet
512 1045 622 1123 poetas
641 1039 803 1105 Romanos
827 1041 946 1125 elegias
966 1043 1164 1106 carminibus

25 1148 99 1211 suis
131 1143 254 1208 slmiles
285 1143 369 1226 apud
400 1143 640 1207 Alexandrinos
669 1144 733 1207 iam
763 1144 890 1228 legisse.
928 1144 1096 1227 conteras,
1129 1149 1166 1210 ut

25 1247 179 1332 exemplu
202 1249 339 1327 utamur,
364 1244 605 1328 Oxyrhynchus
631 1245 774 1330 Papyros
795 1248 811 1312 I
834 1249 913 1333 p.3l
936 1248 997 1332 (ed.
1019 1249 1166 1314 Grenfell

28 1360 62 1418 et
74 1351 179 1433 Hunt)
196 1370 270 1414 cum
280 1348 399 1413 Tibulli
414 1349 430 1412 Ι
443 1350 472 1431 3,
489 1352 531 1413 35
544 1368 613 1432 sqq.
633 1350 761 1431 et110,
784 1350 902 1433 quibus
918 1351 999 1415 leals
1016 1351 1055 1416 de
1073 1351 1165 1416 beata

27 1458 97 1519 vita
121 1454 286 1518 hominum
311 1453 462 1517 Saturnio
485 1458 640 1535 regnante
664 1451 874 1535 disseriturl).

122 1557 245 1622 Eodem
261 1556 330 1620 fere
347 1561 490 1639 tempore
502 1555 660 1620 Ricardus
673 1556 890 1621 Reitzenstein
903 1559 937 1620 in
951 1555 1165 1641 disputatiun-

29 1663 105 1729 cula
111 1664 145 1743 ⁴),
159 1681 222 1743 qua
235 1660 471 1743 epigrammatis
484 1662 632 1723 naturam
645 1641 806 1743 explicare
819 1664 963 1742 conatur,
976 1659 1017 1724 ad
1030 1659 1164 1725 eandem

30 1765 254 1849 quaestionem
286 1761 412 1827 delatus
444 1761 616 1826 Jacobium
650 1764 829 1846 impugnat.
873 1762 1003 1846 Repetit
1014 1766 1040 1842 5)
1077 1765 1164 1828 enim

31 1869 182 1952 primum,
215 1864 300 1949 quod
333 1866 397 1929 iam
428 1868 521 1929 antea
557 1867 769 1946 monuerat⁶),
802 1866 887 1929 inter
917 1865 1048 1949 elegiae,
1082 1884 1165 1948 quae

29 1970 210 2055 Theognidi
219 1968 455 2050 adscribuntur,
468 1968 641 2032 nonnullas
651 1971 787 2049 exstare,
796 1968 914 2051 quibus
926 1988 999 2032 cum
1010 1969 1165 2033 Romanis

32 2075 146 2159 elegiis
158 2073 267 2155 aliqua
282 2072 324 2136 sit
337 2071 525 2136 slmilitudo.
542 2070 624 2134 Nam
641 2074 754 2135 auctor
768 2089 921 2134 versuum
935 2072 1166 2153 1283-1294,

31 2197 131 2260 quem
160 2179 273 2259 quarto
301 2173 429 2239 saeculo
459 2195 486 2238 a.
506 2173 578 2237 Chr.
597 2194 627 2237 n.
656 2174 777 2237 vixisse
807 2173 981 2237 verisimile
1006 2179 1063 2256 est,
1092 2194 1167 2238 cum

33 2300 169 2366 puerum
212 2284 348 2362 rogaret,
391 2297 432 2342 ne
474 2297 615 2342 amorem
657 2279 759 2361 ipsius
795 2285 973 2362 sperneret,
1018 2278 1166 2362 exemplo

33 2384 204 2449 Atalantae
220 2399 299 2445 usus
313 2386 369 2463 est,
385 2400 467 2463 quae
480 2401 591 2446 omnes
604 2387 761 2447 amatores
773 2383 866 2465 fugit,
879 2381 983 2447 donec
995 2383 1167 2446 vehemen-

32 2491 157 2556 tissimo
181 2484 366 2548 Milanionis
390 2483 620 2549 incenderetur
642 2504 758 2550 amore.
793 2486 881 2550 Bene
906 2485 1066 2549 consentit
1089 2485 1167 2549 Pro·

32 2595 156 2679 pertius
172 2590 188 2652 Ι
206 2590 234 2664 1,
252 2590 348 2670 9sqq.
374 2588 486 2652 eadem
506 2587 616 2652 fabula
637 2608 724 2652 usus.
750 2588 839 2665 Quae
857 2608 930 2653 cum
946 2589 992 2651 ita
1010 2589 1082 2669 sint,
1106 2607 1164 2671 pro

33 2704 121 2764 certo
154 2693 311 2757 affirmari
340 2711 434 2775 posse
464 2691 714 2756 Reitzensteinio
744 2691 874 2755 videtur
902 2692 1046 2755 extitIsse
1078 2689 1164 2774 apud

32 2796 276 2867 alexandrinos
296 2795 424 2878 elegias,
444 2815 583 2877 quorum
602 2801 714 2878 poetae
733 2814 830 2860 suum
852 2796 996 2879 ipsorum
1020 2814 1163 2859 amorem

29 2899 302 2988 profiterenturu.
333 2897 459 2962 Deinde
479 2905 587 2962 monet
606 2896 691 2962 idem
706 2898 923 2962 Romanorum
942 2901 1061 2981 poetae,
1082 2917 1164 2981 quos

30 3007 250 3024 ῤ’...-

127 3057 146 3123 ¹)
250 3051 326 3119 Κῷοι
344 3050 474 3116 χάλκειον
493 3053 583 3115 θῆκαν
602 3050 659 3103 ὑπὸ
676 3049 812 3117 πλατάνῳ

214 3135 327 3190 Βιττίδα
347 3136 528 3199 μολπάζοντα
546 3136 626 3201 θοήν,
646 3134 711 3201 περὶ
729 3135 823 3188 πάντα
841 3136 967 3201 Φιλητᾱν

249 3221 375 3287 Ῥήματα
394 3220 438 3272 καὶ
456 3224 546 3273 ndcuv
562 3221 723 3285 τρυόμενον
737 3221 843 3287 λαλιήν,

30 3325 66 3381 cl.
84 3320 342 3392 Encyclopaediam
361 3320 600 3390 Pauly-wissowa
619 3319 733 3374 v2279.

125 3411 147 3475 ²)
167 3408 215 3461 λλ.
235 3407 257 3462 v
276 3405 400 3475 2279sq.

124 3495 146 3562 ⁸)
165 3494 340 3563 Quamquam
355 3491 384 3545 iu
393 3491 447 3546 illis
459 3490 583 3560 reliquiis
594 3506 640 3545 res
651 3490 807 3545 amatoriae
820 3503 878 3543 non
888 3492 1053 3552 tractantur,
1067 3492 1165 3542 tamen

30 3579 102 3635 nihil
126 3577 253 3647 impedit,
277 3576 426 3646 quominus
450 3582 580 3645 putemus
599 3576 629 3629 in
643 3575 749 3644 'elegiis
768 3573 966 3630 Alexandrinis
990 3574 1063 3627 inter
1090 3588 1166 3627 com·

31 3664 119 3720 moda
142 3663 244 3718 aetatis
268 3678 382 3728 aureae,
408 3660 538 3730 qualibus
562 3660 672 3715 deliciis
695 3666 825 3714 amantes
848 3663 915 3714 tuuc
939 3658 985 3712 usi
1009 3662 1114 3724 essent,
1133 3662 1164 3712 ut

32 3749 110 3820 apud
130 3747 305 3817 Propertium
325 3747 358 3800 III
379 3746 420 3813 13,
434 3747 546 3816 25sqq,
566 3751 761 3800 enumeratum
782 3762 854 3798 esse.

122 3834 145 3901 ⁴)
166 3833 205 3887 CI.
225 3830 480 3901 Encyclopaediam
499 3830 738 3899 Pauly-wissowa
756 3830 790 3884 VI
809 3831 842 3884 71
854 3845 914 3898 sqq.

125 3919 147 3986 ⁸)
165 3917 215 3971 1.1.
235 3934 260 3986 p.
275 3917 318 3971 91.

124 4004 146 4072 ⁸)
166 4001 334 4071 ‘Epigramm
354 4016 380 4054 u.
400 3999 532 4065 Skolion’,
552 4000 659 4054 Giessen
680 3999 757 4066 1893,
777 4015 803 4068 p.
817 3998 853 4053 84
872 3997 967 4052 adnot.
983 3998 1006 4052 1.

124 4089 145 4154 1)
164 4086 220 4142 Sed
240 4102 291 4156 ego
310 4085 469 4141 extalibus
489 4084 670 4151 carminibus,
693 4084 776 4153 quale
796 4087 838 4137 est
858 4083 1067 4152 Theognideum
1086 4081 1164 4150 illud,

34 4173 99 4245 quid
112 4171 190 4243 apud
197 4170 404 4225 Alexandrinos
418 4169 485 4224 oriri
499 4168 629 4238 potuerit,
641 4185 700 4223 non
715 4168 885 4223 diiudicabo.
906 4168 976 4223 Nam
991 4167 1046 4221 duo
1060 4183 1166 4236 genera

33 4259 190 4315 carminum
209 4255 397 4326 elegiacorum
414 4270 501 4323 saepe
519 4253 592 4307 iuter
605 4270 635 4308 se
649 4253 792 4308 simiIIIma
808 4268 868 4308 ase
882 4251 1071 4308 discernenda
1085 4256 1164 4318 suut,
