2940 4792
283 315 324 377 98
658 318 796 388 Ludwig
814 319 1048 390 Hindenlang,

281 496 340 572 τὴν
365 493 544 573 διάθετιν,
565 490 619 555 ὁτὲ
645 494 701 567 μὲν
727 491 788 570 γάρ
812 492 967 574 ἤνεγκαν,
995 492 1050 557 ὁτὲ
1078 492 1170 557 δὀὐκ
1194 494 1323 574 ἤνεγκαν,
1340 495 1379 559 ἐὰν

283 600 319 662 δὲ
337 600 441 661 κακῶ(
463 597 518 677 (se.
535 595 681 676 διατεθῇ),
706 593 764 658 οὐκ
787 595 938 671 ἢνεγκαν;
966 596 1059 677 11,1
1086 596 1116 659 αἱ
1136 599 1193 674 μὲν
1213 595 1251 677 (d.
1266 596 1291 658 h.
1312 603 1382 677 φθο·

283 703 353 780 pai)
366 699 531 778 βιαιότεροι
544 698 720 777 φαίνονται,
734 698 874 777 καθάπερ
892 698 948 761 ἐὰν
969 701 1071 762 κοπέν
1092 698 1111 775 ἢ
1128 700 1246 776 πληγέν
1258 702 1305 779 βα
1320 702 1383 778 φθεί-

284 823 372 881 ρηται
389 802 427 865 τὸ
448 801 604 879 δένδρον).

258 982 264 995 ,
372 903 479 967 Kaum
506 923 542 966 so
570 923 610 965 zu
638 902 784 967 erkliiren
811 903 855 965 ist
879 902 912 965 (λ
933 902 966 965 Π
991 904 1086 983 13‚4
1114 903 1196 968 ἔττιν
1224 905 1281 968 οὐν
1302 909 1385 985 δῆλον,

285 1006 331 1072 ὄπ
354 1009 404 1071 καὶ
427 1007 476 1070 ἐπὶ
499 1011 565 1070 τῶν
589 1007 776 1085 τπερμάτων
801 1009 983 1086 ευμβαῑνον,
1008 1006 1087 1070 ὅταν
1119 1007 1162 1070 εἰ(
1181 1008 1217 1069 τά
1242 1010 1349 1084 βελτίον
1365 1009 1386 1088 η,

284 1113 397 1189 εχεδὸν
425 1110 546 1186 ὅμοιον.
578 1108 655 1172 Man
685 1109 793 1172 miisste
824 1109 894 1172 hier
921 1129 962 1172 zu
994 1115 1169 1188 τυμβαῖνον
1200 1130 1257 1174 aus
1286 1111 1387 1174 ποτλοτ-
1443 1148 1444 1151 =

282 1211 463 1296 gehendem
486 1213 638 1290 μεταβολή
664 1217 821 1295 ergiinzen
837 1214 873 1276 τὸ
892 1213 1102 1291 μεταβάλλον.
1135 1213 1388 1278 Einiacheristes
1448 1274 1449 1277 ,

284 1314 369 1396 aber,
392 1333 488 1378 wenn
512 1333 585 1376 man
609 1333 650 1377 zu
674 1312 751 1378 ὅταν
775 1313 817 1378 εἰ(
840 1317 878 1378 τὸ
910 1316 1032 1392 βελτίον
1063 1318 1167 1399 naus
1191 1315 1262 1380 dem
1286 1317 1389 1398 Anfnng

284 1435 348 1481 von
366 1420 385 1498 ξ
401 1418 422 1480 4
439 1418 457 1495 ἡ
475 1419 631 1495 μεταβολή
649 1415 847 1481 hinzudenkt
859 1416 926 1479 und
945 1415 1032 1479 dann
1049 1419 1096 1480 im
1115 1418 1287 1501 folgenden
1304 1417 1390 1482 finden

283 1521 321 1584 τὸ
347 1524 525 1599 τυμβαῖνον.

349 1711 525 1795 Ellesen
553 1712 650 1776 nach
678 1712 1024 1796 vorausgehenden
1050 1712 1225 1777 Wnriern
1253 1715 1349 1778 nicht

649 1829 827 1912 gleichen
857 1829 1055 1893 Stammes:

376 1983 405 2062 a)
430 1980 616 2047 Substantiv
639 1982 682 2045 ist
703 2001 744 2045 zu
764 1987 937 2065 erginzen:
958 1981 990 2044 Π
1008 1983 1074 2064 2,δ
1095 1985 1237 2061 φύονται
1259 1988 1293 2048 δέ
1311 1985 1353 2047 καὶ
1369 1981 1392 2044 ἐκ
1462 2049 1463 2052 ,

284 2090 352 2151 τῶν
370 2089 426 2163 τῆτ
444 2083 537 2149 ἐλάα(
554 2087 709 2164 πυρήνων
728 2085 905 2164 ἀγριέλαιος
921 2087 971 2148 καὶ
990 2084 1025 2148 ἐκ
1043 2089 1110 2148 τῶν
1126 2090 1183 2164 τῆ(
1201 2086 1279 2164 ῥόα(
1293 2087 1393 2150 κόκκων

286 2192 352 2252 τῶν
370 2189 514 2263 γλυκέων
534 2186 674 2262 ἀγεννεῖ(
694 2190 743 2251 καὶ
766 2186 801 2250 ἐκ
822 2191 887 2250 τῶν
911 2187 1091 2265 ἀπυρήνων
1115 2191 1253 2268 εκληραί,
1272 2188 1395 2252 πολλάκι

287 2294 395 2355 δὲκαὶ
419 2291 532 2355 ὀξεῖαι·
556 2292 613 2354 τὸν
637 2292 734 2356 αὐτὸν
759 2295 795 2355 δὲ
818 2291 943 2370 τρόπον
966 2293 1016 2354 καὶ
1041 2290 1075 2354 ἐκ
1099 2295 1167 2354 τῶν
1193 2293 1294 2356 ἀπίων
1316 2290 1396 2355 min

285 2400 352 2459 τῶν
372 2395 495 2472 μηλέων
519 2392 572 2478 (zu
596 2401 754 2477 ergiinzen
778 2400 859 2458 etna
882 2395 973 2473 ἕτερα
995 2395 1097 2474 γένη)·
1126 2394 1160 2458 ἐκ
1190 2401 1249 2472 μὲν
1272 2399 1329 2472 γάρ
1351 2398 1398 2458 τάν

286 2497 390 2562 ἀπίων
403 2498 547 2575 μοχθηρὰ
560 2497 577 2574 ἡ
592 2497 699 2578 ἀχράε,
713 2498 746 2562 ἐκ
760 2500 796 2561 δὲ
807 2501 874 2562 τῶν
887 2498 1011 2576 μηλέων
1020 2498 1138 2576 χείρων
1147 2519 1183 2562 τε
1195 2505 1242 2582 τῷ
1254 2501 1332 2575 γένει
1341 2513 1402 2562 usw·

375 2599 407 2678 b)
431 2598 538 2663 Verba
566 2599 640 2663 sind
667 2620 707 2663 zu
739 2605 912 2683 erginzen:
944 2599 994 2662 III
1010 2601 1074 2680 8‚7
1098 2601 1128 2664 oi
1160 2605 1198 2665 δὲ
1223 2605 1294 2681 περὶ
1317 2603 1406 2664 Μακε-

285 2706 396 2768 δονίαν
423 2706 554 2783 τέτταρα
582 2705 656 2782 γένη
689 2707 837 2768 ποιαῦειν
946 2705 1063 2781 ταύτην
1092 2703 1134 2784 (d.
1156 2705 1188 2767 h.
1213 2706 1271 2783 τὴν
1300 2702 1414 2785 άτπρωλ

286 2806 346 2870 δὀἱ
370 2810 426 2887 μὲν
450 2804 594 2883 ἄκαρπον
619 2806 705 2872 ὅλωε
729 2810 784 2888 (sc.
802 2803 901 2888 εἶναι),
927 2807 955 2870 αἱ
980 2810 1015 2871 δὲ
1044 2810 1178 2884 φαῦλον
1212 2811 1269 2873 τὸν
1298 2811 1415 2887 καρπόν

285 2914 339 2991 (sc.
357 2910 466 2990 φέρειν
482 2911 567 2991 φατὶ,
586 2909 690 2974 wobei
706 2911 780 2989 φαά
797 2929 855 2973 aus
871 2908 943 2973 dem
959 2910 1030 2973 hier
1048 2911 1336 2976 sinnverwandten
1355 2933 1422 2976 που

287 3015 357 3078 οὐει
374 3033 416 3076 zu
439 3011 633 3077 entnehmen
652 3014 722 3093 ist);
742 3013 805 3076 VII
823 3015 886 3093 5,1
909 3013 1032 3090 κόπρον
1056 3015 1091 3076 δέ
1112 3014 1244 3090 μάλιετα
1261 3015 1421 3080 ἐπαινοῦτι

285 3117 343 3195 τὴν
367 3118 551 3195 ευμαρτῑτιν,
572 3117 630 3192 τὴν
654 3118 690 3180 δὲ
708 3119 774 3179 τῶν
794 3116 977 3190 ὑποζυγίων
994 3117 1160 3196 μοχθηράν
1177 3120 1235 3199 (se.
1253 3139 1349 3197 φατιν
1365 3135 1424 3182 ans

287 3216 475 3304 ἐπαινοῡτι);
489 3217 569 3280 VIII
580 3218 608 3299 8,
624 3219 640 3280 1
658 3219 709 3281 διὰ
719 3221 815 3281 τοῦτο
832 3220 882 3280 καὶ
892 3217 1080 3296 εὐλαβητέον
1091 3220 1169 3298 φαεὶ
1179 3222 1217 3283 τὸ
1232 3222 1385 3299 μίσγειν..
1401 3268 1424 3300 .,

286 3323 341 3385 τά(
365 3341 399 3385 τε
421 3325 476 3398 τῆς
499 3324 556 3399 γῆ(
580 3322 739 3400 διαφορὰ(
767 3320 816 3383 καὶ
839 3321 896 3384 τά(
911 3324 977 3382 τῶν
994 3321 1184 3398 επερμάτων
1205 3324 1354 3400 δυνάμει(
1374 3325 1424 3387 καὶ

287 3423 400 3488 ἔπτὰ(
416 3424 554 3488 ἑκάετων
575 3424 669 3502 ὥραε.
698 3424 868 3505 (Wimmer
888 3423 1033 3487 bomerkt
1053 3421 1136 3486 dazu
1157 3425 1190 3486 in
1214 3427 1325 3490 seiner
1340 3428 1424 3490 Aus-

286 3526 367 3609 gabe
394 3527 489 3608 1842,
512 3525 546 3588 in
576 3526 769 3605 εὐλαβητέον
797 3525 973 3589 involvitur
995 3526 1194 3608 significatio
1219 3528 1420 3593 observandI

288 3625 380 3692 Doch
404 3628 475 3692 sind
500 3628 665 3692 vIelleicht
687 3629 770 3692 auch
794 3629 906 3693 Woiin
930 3628 1150 3712 ausgeiallon.)

287 3849 476 3935 Ellipsen‚
506 3851 567 3915 die
596 3851 705 3916 nicht
732 3872 797 3916 aus
826 3851 1153 3936 vorangehenden
1172 3855 1351 3922 Wiirtern
1378 3875 1417 3920 zu

698 3954 875 4018 erkliiren
900 3954 1002 4018 sind:

378 4098 407 4176 a)
419 4096 493 4160 Von
506 4096 748 4188 substantiveng
763 4097 910 4161 Bokannt
921 4096 989 4161 und
1002 4097 1113 4163 nblioh
1126 4100 1201 4165 sind
1214 4101 1270 4168 die
1282 4103 1416 4187 inipsen

288 4217 351 4261 von
362 4203 412 4279 γῆ,
425 4219 460 4263 so
471 4199 550 4263 VHI
561 4202 589 4281 7,
601 4200 620 4263 2
634 4200 719 4265 ὅλωτ
733 4199 762 4263 δ’
774 4201 851 4264 οὐδὲ
864 4203 882 4278 ἡ
894 4204 1035 4279 τυχοῡεα
1048 4204 1182 4268 δύναται
1193 4207 1305 4286 φέρειν
1317 4207 1416 4285 αὐτὸν,
