2894 4824
305 342 369 407 114
504 377 506 383 ·
732 351 848 406 Victor
866 351 1008 420 Coulon,

302 527 364 591 His
387 529 486 610 igitur
509 527 549 589 dc
574 525 680 590 carreis
702 524 737 586 in
756 523 905 588 Nubibus
928 525 1013 589 idem
1037 525 1077 590 de
1100 528 1224 591 ratione
1242 527 1264 591 S
1284 548 1358 592 cum
1376 529 1430 593 RV

304 629 389 713 quod
420 632 454 693 in
482 628 654 710 llquitibus
682 632 714 690 et
744 626 844 690 Ranis
871 628 1077 692 statuendum
1105 629 1198 694 nobis
1226 637 1282 694 est.
1323 631 1432 715 Neque

302 735 396 799 aliter
417 733 458 798 de
482 732 571 797 Pluti
595 736 628 796 et
650 731 771 794 Avium
795 729 880 813 apud
904 731 1035 794 Suidam
1059 731 1204 814 reliquiis
1228 733 1432 798 iudicandum

303 857 374 902 esse
397 839 504 901 statim
529 835 719 899 videbimus.

409 941 447 1005 Iu
465 940 571 1003 Pluti
586 937 695 1001 fabula
711 938 797 1002 enim
814 939 879 1000 216
891 957 1004 1002 versus
1020 957 1062 1002 ex
1079 939 1190 1003 codice
1202 941 1433 1024 Aristophaneo

303 1047 447 1128 sumptos
474 1043 642 1126 proferens
665 1041 686 1105 S
716 1040 844 1104 vitiaR
871 1060 1050 1124 pravasque
1078 1044 1254 1125 scripturas
1281 1045 1434 1126 gravioris

302 1147 455 1210 momenti
480 1166 544 1208 non
569 1145 664 1208 habet
685 1145 724 1206 11
750 1143 828 1207 15515
851 1145 897 1225 (in
917 1163 978 1208 555.
995 1146 1070 1226 268,
1088 1148 1161 1223 387,
1178 1147 1252 1227 566,
1270 1148 1345 1228 596,
1364 1148 1433 1226 769,

302 1253 377 1329 958,
403 1252 476 1330 989,
503 1247 956 1328 1049,1052,1085,1110),
979 1248 1148 1331 amplexus
1172 1250 1322 1313 55115515
1348 1251 1367 1312 2
1392 1251 1434 1327 (in

302 1373 362 1417 555.
383 1354 455 1433 152,
472 1353 557 1432 271).
581 1350 718 1414 Leviora
739 1355 872 1432 peccata
889 1350 918 1414 R
937 1356 1062 1433 praeter
1080 1370 1142 1433 555.
1162 1354 1236 1434 307,
1262 1355 1325 1415 581
1352 1353 1434 1436 5556

301 1455 323 1520 8
347 1457 468 1519 frustra
491 1473 627 1536 quaeras
649 1454 695 1535 (in
719 1455 941 1535 555.17,185,
962 1455 1036 1535 480,
1057 1455 1130 1536 529,
1153 1456 1227 1536 586,
1247 1456 1322 1537 681,
1341 1457 1434 1537 1010,

304 1560 513 1641 10201056,
533 1558 638 1638 1146).
674 1559 781 1638 51555
806 1556 901 1619 etiam
926 1576 1036 1620 omnes
1055 1559 1218 1640 graviores
1237 1559 1435 1641 corruptelae

300 1663 331 1724 V
351 1669 383 1727 51
406 1682 522 1747 pravae
541 1663 694 1725 lectiones
712 1666 840 1743 praeter
858 1680 918 1724 555.
937 1663 1011 1742 242,
1029 1663 1102 1743 768,
1120 1665 1193 1743 999,
1211 1664 1298 1726 1005
1320 1662 1435 1727 desunt

302 1767 386 1851 apud
412 1768 433 1831 8
457 1768 502 1849 (in
527 1765 864 1846 555.144,145,184,
889 1765 963 1844 278,
988 1767 1062 1847 328,
1087 1768 1161 1848 387,
1178 1768 1252 1847 549,
1270 1768 1345 1847 556,
1363 1769 1434 1847 581,

303 1873 377 1952 807,
403 1872 478 1951 904,
506 1870 601 1950 1086,
623 1869 729 1949 1087).
760 1867 873 1950 Neque
889 1867 1008 1932 leviora
1025 1869 1198 1951 peccataV
1221 1871 1434 1952 (15555328,

304 1976 378 2056 556,
403 1977 477 2055 818,
503 1974 698 2055 8851136)
722 1973 867 2055 exceptis
891 1971 994 2035 tribus
1016 1972 1096 2036 locis
1120 1974 1165 2053 (in
1186 1992 1246 2036 555.
1269 1975 1342 2056 185,
1363 1976 1435 2054 314,

304 2080 403 2160 1037)
426 2078 447 2142 8
472 2069 611 2142 exhibet.
644 2076 695 2140 Ab
724 2078 860 2158 utroque
884 2081 992 2139 autem
1020 2076 1131 2140 codice
1156 2077 1177 2141 8
1205 2096 1279 2140 cum
1303 2076 1436 2140 55551-

301 2187 409 2247 155555
426 2188 498 2246 cett.
516 2181 606 2245 codd.
625 2180 757 2244 differre
780 2179 859 2243 locis
878 2181 917 2242 15
943 2181 976 2242 15
1001 2182 1053 2261 §8
1070 2180 1219 2243 vidimus.
1249 2179 1341 2243 Inter
1356 2200 1435 2262 quos

303 2286 322 2347 6
346 2285 440 2348 55615
464 2290 641 2348 occurrunt
663 2285 708 2365 (iu
732 2301 794 2346 555.
814 2284 886 2364 172,
903 2283 978 2362 255,
995 2284 1069 2362 301,
1085 2283 1161 2363 401,
1179 2284 1252 2363 635,
1271 2284 1356 2364 673),
1380 2283 1435 2346 551

302 2387 323 2450 8
348 2407 423 2450 cum
446 2387 481 2450 M
506 2405 617 2450 verum
643 2385 774 2469 praebet
796 2385 968 2448 adiuvante
988 2386 1070 2448 Ain
1093 2386 1247 2465 555172,
1270 2386 1345 2467 255,
1362 2387 1435 2466 301,

301 2491 375 2553 401.
408 2489 469 2553 Η15
490 2488 654 2552 addendae
675 2490 807 2551 555111
826 2489 1045 2572 lexicographi
1063 2490 1210 2572 propriae
1228 2489 1383 2553 lectiones
1403 2491 1435 2552 iu

301 2594 379 2677 §10
403 2592 554 2676 prolatae.
588 2591 701 2674 Neque
725 2590 842 2655 desunt
864 2591 936 2672 1551,
961 2591 1079 2673 551655
1103 2592 1124 2655 S
1148 2592 1235 2655 solus
1262 2594 1435 2675 genuinam

301 2697 493 2779 scripturam
518 2697 657 2758 servarit
680 2696 810 2777 115555.
833 2697 884 2775 77,
909 2696 983 2776 528,
1008 2697 1081 2776 550,
1106 2697 1191 2775 801).

391 2799 430 2861 15
447 2798 584 2862 Arium
601 2796 975 2879 6551555155515,55155
990 2817 1101 2861 versus
1114 2800 1177 2860 359
1188 2797 1436 2882 lexicographus

302 2920 320 2966 5
345 2901 455 2966 556155
480 2901 717 2983 Aristophaneo
746 2900 923 2983 descripsit
950 2901 1097 2982 graviora
1124 2901 1231 2963 omnia
1254 2901 1436 2983 peccataR

303 3011 335 3069 51
357 3006 490 3068 vitiosae
515 3005 669 3068 lectiones
692 3009 818 3087 praeter
840 3022 902 3068 555.
931 3005 1004 3084 658,
1030 3004 1205 3067 1272-73
1233 3003 1297 3067 58
1321 3005 1438 3068 565551

302 3109 346 3190 (15
370 3110 505 3190 55540,
533 3110 607 3189 377,
632 3108 708 3187 463,
732 3108 807 3189 806,
832 3108 905 3187 943,
931 3108 1004 3188 982,
1031 3108 1128 3188 1589)
1151 3108 1293 3189 itemque
1316 3107 1437 3171 leviora

302 3211 420 3276 menda
438 3212 467 3275 R
485 3212 530 3291 (in
555 3230 616 3274 555.
639 3212 693 3292 43,
718 3211 793 3290 370,
813 3211 886 3291 694,
912 3211 986 3290 861,
1011 3211 1085 3291 941,
1107 3211 1320 3292 1074,1131,
1342 3213 1436 3291 1378,

306 3316 405 3394 1443)
423 3314 569 3397 exceptis
584 3332 646 3376 555.
664 3315 739 3394 701,
756 3314 830 3395 772,
847 3314 920 3376 807.
951 3315 1060 3394 51555
1077 3313 1172 3376 etiam
1191 3314 1391 3396 corruptelas
1407 3319 1437 3378 et

301 3418 400 3481 malas
419 3418 578 3483 lectiones
592 3417 786 3500 Vgravioris
802 3417 955 3480 momenti
973 3416 1093 3479 frustra
1105 3416 1190 3499 apud
1203 3416 1224 3479 S
1237 3418 1436 3498 quaesiveris

301 3521 345 3603 (in
370 3541 432 3585 555.
451 3523 502 3601 68,
526 3522 599 3601 692,
621 3522 696 3602 769,
718 3522 802 3599 959).
838 3519 973 3583 Leviora
995 3524 1128 3602 peccata
1143 3519 1173 3580 V
1188 3519 1435 3603 lexicographus

300 3625 416 3689 vitavit
431 3627 452 3688 4
468 3625 547 3689 15515
568 3626 613 3704 lin
631 3644 693 3689 555.
714 3626 789 3705 497,
807 3624 880 3705 523,
899 3623 973 3703 659,
996 3624 1102 3703 1563),
1126 3642 1191 3686 555
1214 3622 1300 3704 fugit
1321 3623 1434 3687 locis2

301 3729 347 3811 (15
376 3748 437 3792 555.
463 3730 537 3809 659,
565 3729 671 3808 1519).
702 3727 847 3809 5555611,
876 3727 960 3809 5556
987 3727 1027 3790 10
1052 3727 1188 3790 1551515
1212 3728 1232 3808 §
1256 3728 1276 3789 8
1300 3729 1435 3791 55515115

304 3831 325 3896 S
354 3851 430 3896 cum
459 3850 524 3895 uno
554 3831 693 3895 alterove
722 3834 794 3895 cett.
819 3831 886 3894 cod.
912 3836 943 3894 et
965 3852 984 3894 a
1007 3831 1036 3895 R
1059 3834 1091 3894 51
1114 3829 1435 3913 aniscrepantem

301 3934 578 4019 deprehendimus.
614 3935 704 3998 Inter
727 3954 807 4017 quos
834 3955 899 3998 non
927 3933 1045 3998 desunt
1068 3952 1188 4014 uersus,
1216 3933 1249 3996 in
1274 3934 1392 4015 quibus
1415 3932 1435 3997 S

301 4058 409 4102 veram
434 4039 625 4121 scripturam
650 4040 758 4101 tuetur
779 4037 825 4118 (iu
848 4058 876 4099 v.
894 4039 959 4101 714
976 4057 1050 4100 cum
1067 4040 1105 4111 5,
1130 4038 1194 4100 775
1215 4055 1288 4099 curn
1305 4035 1338 4099 Μ
1354 4036 1434 4114 516,

302 4143 366 4206 796
392 4162 467 4206 cum
484 4144 512 4205 A
529 4140 611 4222 Ald.‚
637 4141 722 4205 1079
748 4160 823 4204 cum
846 4140 931 4222 MA).
967 4142 1075 4222 Atque
1099 4159 1141 4204 ex
1166 4141 1208 4204 38
1228 4139 1347 4203 851655
1366 4160 1436 4224 pro-

301 4246 379 4328 priis
402 4243 595 4308 lectionibus
619 4244 652 4308 in
677 4246 696 4325 §
714 4244 755 4307 10
772 4243 874 4307 5115115
893 4245 933 4306 13
953 4243 1066 4305 iamin
1083 4242 1263 4308 5561551115
1281 4263 1298 4305 a
1314 4242 1435 4307 lexico
