2894 4824
676 113 793 168 Victor
808 114 953 180 Coulon,

771 324 790 403 s
817 325 866 386 11.

340 453 498 531 Quoniam
528 451 757 535 discrepantias
787 452 961 536 attulimus,
992 454 1032 518 de
1062 455 1102 517 iis
1132 473 1265 538 agamus
1295 455 1386 536 locis,

250 576 331 640 quos
354 557 505 620 asterisco
528 555 763 638 insignivimus.

340 662 448 743 Atque
481 679 555 722 cum
586 658 626 721 de
654 657 772 722 Suidae
800 660 938 742 propriis
960 659 1130 742 scripturis
1153 661 1187 722 in
1211 659 1386 742 Equitibus

249 763 331 826 nihil
354 765 418 826 iam
441 761 614 825 dicendum
639 760 730 824 nobis
753 761 803 843 sit
827 761 955 825 initium
977 763 1143 845 capiamus
1158 782 1177 825 a
1192 762 1384 828 Ranarum

249 865 366 929 fabula.
400 864 499 928 Cuius
522 865 556 926 in
580 884 609 926 v,
634 865 699 926 888
724 863 813 928 libris
837 865 896 928 hae
920 865 1116 948 praebentur
1137 864 1310 930 lectiones:

380 969 483 1031 ἐπίθες
507 970 555 1030 καὶ
580 969 618 1044 δὴ
644 968 679 1030 ςὺ
705 968 879 1046 λιβανωτὸν
903 967 1067 1050 λαβώνΒ,

380 1072 482 1134 ἐπίθες
506 1071 613 1148 λαβὼν
638 1071 677 1146 δὴ
702 1071 750 1132 καὶ
767 1071 802 1133 ςὺ
827 1074 1005 1148 λιβανωτὸν
1028 1074 1136 1149 λαβών
1159 1071 1198 1149 V,

381 1173 484 1236 ἐπίθες
510 1175 618 1250 λαβὼν
643 1174 681 1248 δή
707 1175 757 1235 καὶ
780 1175 815 1236 ςὺ
839 1173 1015 1250 λιβανωτόν
1041 1173 1113 1256 ΑΜ,

382 1278 485 1341 ἐπίθες
509 1277 557 1339 καὶ
581 1277 616 1339 cir
641 1277 680 1351 δή
705 1276 881 1353 λιβανωτὸν
905 1275 934 1339 S.

340 1381 488 1445 Editores
504 1380 538 1440 in
552 1378 694 1441 diversas
704 1381 810 1460 partes
823 1377 1001 1442 discedunt.
1014 1379 1218 1463 Fritzschius,
1230 1379 1379 1463 Koclrius

250 1485 419 1564 Volscum,
429 1481 620 1563 Blaydesius
633 1480 736 1544 ἐπίθες
750 1482 927 1559 λιβανωτὸν
940 1484 988 1545 καί
1000 1484 1035 1546 cb
1048 1485 1086 1560 δή
1098 1485 1216 1562 λαβών,
1225 1483 1380 1567 Bergkius

250 1593 284 1655 et
306 1587 489 1653 Meinekius
518 1586 620 1650 ἐπίθες
649 1588 756 1664 λαβὼν
781 1587 819 1663 δὴ
843 1589 894 1650 καί
918 1589 953 1650 ςὺ
977 1590 1153 1666 λιβανωτὸν
1177 1590 1380 1672 scripserunt,

250 1692 304 1756 alii
334 1692 396 1754 alia
418 1693 663 1771 temptaverunt
696 1691 816 1752 Ansam
841 1689 1040 1772 corruptelae
1063 1709 1134 1754 mea
1158 1690 1289 1774 quidem
1312 1710 1381 1754 sen·

251 1798 351 1861 tentia
366 1794 601 1859 substantivum
614 1796 793 1872 λιβανωτὸν
810 1793 905 1856 dedit
931 1792 1023 1869 Quod
1041 1814 1113 1857 cum
1130 1795 1218 1858 etad
1234 1795 1338 1859 ἐπίθες
1353 1799 1382 1858 et

251 1901 292 1964 ad
304 1902 411 1978 λαβὼν
422 1897 587 1981 pertineat,
600 1899 634 1959 in
643 1897 819 1979 archetypo
829 1896 916 1960 haud
927 1897 1023 1960 dubie
1031 1903 1103 1979 post
1111 1898 1217 1961 ἐπίθες
1227 1897 1381 1981 scriptum

252 2008 329 2084 erat
353 2000 409 2064 sed
433 2021 452 2062 a
474 2001 684 2081 grammatico
709 2000 847 2081 quodam
871 2000 909 2063 ad
935 2001 1208 2064 constructionem
1228 2000 1383 2064 enuntiati

252 2104 476 2189 explicandam
492 2107 588 2183 atque
608 2101 829 2165 illustrandam
853 2103 972 2165 iterum
995 2122 1091 2184 supra
1111 2106 1220 2180 λαβὼν
1240 2102 1382 2165 additum

252 2215 309 2272 est.
333 2207 498 2270 Librarius
522 2211 630 2268 autem
653 2206 689 2285 R,
714 2225 788 2268 cum
812 2206 845 2267 iu
868 2204 1045 2287 exemplari
1065 2223 1124 2267 suo
1143 2203 1383 2286 legerettulllec

635 2305 793 2368 λιβανωτὸν
811 2304 905 2366 λαβὼν

253 2375 430 2452 λιβανωτὸν
455 2372 503 2434 καὶ
527 2372 562 2434 cb
586 2373 625 2447 δὴ
650 2372 766 2449 λαβών,
790 2370 1043 2433 additamentum
1067 2371 1189 2433 variam
1212 2370 1383 2433 lectionem

252 2477 304 2560 (ci.
323 2476 530 2554 Brinlunann,
550 2475 633 2537 Mus.
650 2474 751 2537 Rhen.
769 2474 869 2555 LVII,
891 2476 986 2555 1902,
1006 2495 1034 2557 p.
1051 2477 1114 2538 481
1130 2476 1210 2557 sqq.)
1228 2476 1383 2558 priusque

252 2579 487 2643 substantivum
501 2580 678 2656 λιβανωτὸν
687 2578 860 2641 delendum
872 2578 1230 2642 esseratussicversum
1239 2579 1380 2661 scripsit:

253 2683 356 2746 ἐπίθες
377 2683 426 2744 καὶ
442 2684 481 2758 δὴ
500 2683 536 2744 ςὺ
554 2684 732 2758 λιβανωτὸν
752 2684 860 2760 λαβὼν
879 2681 986 2744 verbis
1006 2682 1040 2744 ςὺ
1060 2683 1099 2757 δή
1120 2682 1331 2763 transpositis,
1348 2685 1386 2742 ut

253 2784 522 2863 πυπιθπίίωηλίοί,
530 2785 585 2865 qui
593 2783 1278 2866 vocelrssovorrbvposttrribecdoletaturbati
1287 2789 1384 2862 erant

252 2890 507 2952 restituerentur.
536 2886 651 2968 Neque
671 2906 748 2950 vero
765 2886 991 2950 animadvertit
1006 2887 1155 2950 librarius
1172 2887 1233 2968 ille,
1250 2887 1385 2951 alterum

252 2991 367 3075 pedem
380 2993 429 3054 καὶ
442 2992 480 3067 δή
494 3011 512 3053 a
525 2989 651 3071 legibus
664 2992 800 3053 trimetri
813 2990 940 3053 iambici
954 2990 1136 3066 abhorrere.
1157 2989 1253 3053 Haud
1265 2991 1332 3054 scio
1346 3010 1385 3053 an

252 3094 368 3159 Suidas
385 3113 514 3175 quoque
531 3093 722 3176 scripturam
734 3093 763 3156 R
775 3094 809 3155 in
826 3093 937 3157 codice
955 3112 1014 3156 suo
1025 3093 1140 3176 legerit
1156 3093 1262 3157 verbis
1279 3096 1384 3157 tamen

250 3200 289 3262 -ςὺ
304 3199 344 3275 δὴ
362 3197 505 3260 nondum
523 3197 732 3279 transpositis.
757 3197 870 3279 ltaque
887 3217 961 3260 cum
978 3216 1090 3260 versus
1106 3204 1277 3280 corruptus
1293 3198 1384 3278 esset,

250 3302 286 3364 in
309 3302 426 3365 ceteris
450 3299 615 3363 codicibus
638 3300 737 3363 verba
764 3302 942 3378 λιβανωτὸν
967 3303 999 3364 et
1021 3303 1128 3378 λαβὼν
1157 3300 1266 3364 sedem
1295 3320 1385 3363 suam

252 3409 460 3468 mutaverunt
482 3406 526 3466 ita
550 3403 689 3485 quidem,
712 3406 805 3467 utin
830 3403 924 3467 VMA
948 3404 1051 3467 ἐπίθες
1075 3407 1182 3482 λαβὼν
1205 3406 1244 3480 δὴ
1274 3405 1324 3467 καὶ
1351 3405 1385 3467 ςὺ

253 3509 427 3587 λιβανωτὸν
452 3506 655 3572 scriberetur.
689 3506 748 3570 Oui
768 3508 898 3570 lectioni
923 3527 998 3571 cum
1017 3507 1046 3570 R
1068 3511 1268 3589 comparatae
1291 3506 1386 3569 libra·

252 3611 321 3673 rius
338 3610 416 3671 Vin
433 3609 500 3673 fine
519 3629 564 3673 vs
581 3610 678 3674 stulte
695 3611 804 3689 λαβών
820 3610 949 3673 addidit
975 3609 1140 3673 Habemus
1159 3610 1259 3692 igitur
1277 3615 1385 3672 nostro

252 3712 322 3776 loco
342 3713 592 3775 vetustissimam
611 3713 748 3794 glossam
765 3713 1012 3793 interlinearem,
1032 3732 1096 3795 qua
1110 3712 1251 3793 genuina
1270 3713 1385 3775 comici

253 3815 352 3879 verba
370 3815 473 3878 ἐπίθες
494 3818 670 3893 λιβανωτὸν
689 3820 739 3879 καὶ
758 3818 793 3880 ςὺ
817 3819 857 3892 δὴ
878 3817 986 3893 λαβών
1007 3817 1094 3879 varie
1111 3814 1285 3897 depravata
1301 3821 1385 3878 sunt

342 3917 380 3980 In
400 3916 430 3981 N
436 3917 565 3981 ubium
590 3938 618 3980 v.
637 3921 678 3981 58
703 3919 791 3997 δεῦρ’
809 3918 882 3994 ἔλθ’,
905 3921 959 3982 ἵνα
978 3919 1072 4001 κλάῃς
1097 3918 1125 3982 R
1144 3917 1274 4001 praebat
1298 3916 1385 3995 δεῦρ’

252 4021 330 4104 ἔλθ’,
355 4022 385 4083 V
404 4025 501 4102 δεῦρ’,
525 4022 546 4085 8
567 4022 654 4099 δεῦρ’
677 4021 724 4103 ἴθ’,
750 4042 846 4103 quam
870 4022 1041 4085 lectionem
1066 4021 1101 4084 G.
1122 4021 1329 4084 Hermannus
1352 4021 1385 4083 in
