3248 4910
369 391 412 453 54
800 401 835 456 M.
855 400 1079 470 Heinemann,

368 590 387 633 a
405 588 440 634 se
457 569 569 634 fictam
587 571 722 653 virginis
742 572 895 655 pulchrae
915 574 1121 640 vehementer
1139 581 1232 638 amet
1260 575 1512 638 Aristaenetum

369 691 410 737 err
439 673 552 738 eodem
580 673 668 739 toute
696 680 794 758 atque
819 675 971 742 Ovidium
999 679 1154 761 hausisse,
1184 699 1258 744 eurn
1289 681 1511 743 narrationem

369 778 466 842 huius
490 799 565 844 eum
588 780 726 864 epistula
748 781 836 845 illius
856 783 1097 866 comparaveris,
1120 783 1179 848 tibi
1199 784 1377 869 apparebit.
1414 783 1511 867 Apud

368 886 551 964 utrumque,
582 882 685 965 qualis
710 883 908 949 consuetudo
932 885 1153 970 Pygmalionis
1181 905 1255 951 eum
1285 888 1433 970 imagine
1460 889 1511 965 sit
1596 967 1597 980 ἵ

369 989 525 1049 narratur.
557 983 772 1051 enormium
797 987 1020 1072 (Metamorph.
1037 989 1072 1053 X
1095 991 1169 1053 256.
1191 991 1257 1054 268
1267 993 1344 1074 sqq:

477 1115 596 1181 Oscula
620 1115 681 1200 dat,
704 1116 862 1201 reddique
886 1121 992 1203 putat;
1016 1120 1233 1204 loquiturque,
1257 1127 1427 1205 tenetque,

476 1218 693 1302 Appellatque
716 1221 778 1284 tori
801 1223 930 1304 sociam,
955 1223 1176 1306 acclinataque
1201 1223 1282 1288 oolla

478 1325 628 1390 Mollibus
651 1327 686 1390 in
708 1327 836 1412 plumiS,
860 1334 1023 1413 tamquam
1045 1349 1187 1414 sensura,
1211 1333 1338 1416 reponit

370 1453 421 1536 (cf.
438 1456 514 1537 280)
538 1463 570 1520 et
588 1457 845 1522 Aristaenetum:
870 1459 933 1534 ἐγὼ
957 1463 994 1524 δὲ
1016 1462 1066 1524 καί
1088 1463 1145 1540 τὴν
1165 1460 1265 1539 ἀκοὴν
1283 1463 1511 1539 προςεπὲλαςα

370 1557 519 1623 πολλάκις
532 1562 750 1642 ώτακουςτιῖιν,
765 1563 792 1625 τί
809 1581 888 1626 ποτε
900 1561 963 1640 ἄρα
975 1565 1121 1641 βούλεται
1134 1566 1315 1644 ψιθυρίῑειν,
1333 1563 1511 1642 ἀποτυχὼν

371 1663 407 1724 δέ
433 1664 493 1726 τοῦ
518 1661 617 1738 λόγου
644 1665 800 1742 πεφίληκα
827 1666 864 1728 τὸ
889 1665 996 1748 ςτόμα,
1024 1669 1091 1730 τῶν
1114 1669 1257 1744 παρειῶν
1279 1667 1336 1730 τὰς
1361 1668 1510 1735 κάλυκας,

369 1767 435 1829 τῶν
455 1765 625 1845 βλεφάρων
647 1769 705 1844 τήν
723 1765 823 1848 χάριν,
847 1767 899 1832 καὶ
922 1768 1039 1848 ὁμιλεῖν
1064 1767 1223 1848 ἐρωτικῶς
1250 1770 1428 1848 προτρέπω
1453 1773 1510 1844 τήν

371 1867 532 1947 κόρην...
551 1869 689 1948 ἐπέθηκα
707 1875 744 1952 τῇ
764 1872 861 1954 κλίνη,
880 1871 1100 1953 ἠγκαλιςάμην,
1120 1871 1310 1950 ἐπιβέβληκα
1328 1876 1375 1954 τῷ
1397 1874 1510 1950 ςτήθει,

370 1969 425 2034 ίνα
436 1973 535 2050 τυχόν
546 1973 605 2036 τὸν
618 1971 715 2037 ἔνδον
731 1973 837 2050 ἔρωτα
850 1976 1035 2058 θεραπεύςῃ.
1054 1974 1226 2039 Praeterea
1238 1973 1377 2038 Ovidius
1390 1981 1425 2038 et
1436 1975 1511 2038 Ari-

372 2077 536 2137 staenetus
546 2093 658 2157 preces
673 2075 833 2140 artificum
845 2075 996 2141 afferrmt
1015 2075 1061 2140 uf.
1073 2076 1180 2141 Ovidii
1193 2076 1291 2142 verba
1302 2075 1335 2140 X
1347 2077 1415 2140 214
1427 2097 1508 2160 sqq:

886 2205 932 2271 ‘Si
956 2206 989 2270 di
1013 2206 1089 2271 dare
1113 2211 1231 2271 cuneta
1253 2206 1401 2290 potestis,

481 2305 529 2370 Sit
553 2308 705 2390 coniunx,
730 2309 815 2393 opto’
839 2328 905 2373 non
929 2327 1027 2373 ausus
1052 2309 1206 2374 ‘eburnea
1229 2309 1332 2393 virgo'

376 2479 379 2484 ,
482 2409 606 2492 Dicere,
631 2411 823 2494 Pygmalion
846 2412 973 2476 ‘similis
995 2413 1077 2478 mea'
1102 2412 1186 2476 dixit
1208 2411 1385 2476 'eburnae'.

375 2541 407 2602 et
425 2540 637 2605 Aristaeneti:
662 2542 728 2606 ἀλλ’
748 2543 811 2608 εἴθε
830 2563 882 2622 μοι
901 2544 1049 2622 τοιαύτην
1069 2543 1224 2624 ἔμψυχον,
1248 2541 1275 2605 ὧ
1295 2543 1506 2620 χρυςόπτεροι

373 2646 482 2707 παῖδες
504 2643 702 2728 Ἀφροδίτης,
728 2649 831 2725 δοίητε
857 2648 953 2727 φίλην
977 2648 1065 2711 κ.τ.ἐ.
1105 2645 1205 2710 Vides
1228 2646 1330 2728 igitur
1355 2643 1505 2708 Ovidium

375 2750 407 2808 et
428 2745 670 2811 Aristaenetnm
692 2747 825 2812 eandem
844 2749 986 2812 fabulam
1005 2748 1259 2813 Alexandrinam
1284 2748 1506 2831 exscripsisse.

375 2867 472 2929 quarn
487 2848 541 2912 hie
557 2850 591 2912 in
607 2853 871 2935 prosopopoeiam
888 2854 1066 2916 mutaverat
1081 2852 1246 2916 rhetorum
1264 2853 1399 2916 secutus
1417 2870 1506 2915 exer·

375 2953 586 3034 citationes1).

469 3130 487 3200 ¹)
499 3131 684 3188 Narrationes
697 3133 804 3190 similes
815 3133 906 3190 Ovidii
919 3135 984 3190 huic
998 3135 1028 3188 in
1037 3134 1302 3202 Metamorphosecn
1314 3133 1339 3186 X
1349 3131 1472 3202 243sqq.
1483 3137 1508 3185 et

374 3221 513 3290 epistulae
531 3223 701 3280 Aristaeneti
719 3225 790 3278 1110
809 3241 880 3279 aevo
893 3223 1084 3279 Alexandrino
1104 3223 1229 3278 omniurn
1248 3223 1278 3276 in
1297 3239 1347 3278 ore
1367 3221 1457 3276 luisse
1475 3237 1508 3274 ex

375 3311 523 3368 Athenaeo
541 3313 612 3382 (Xlll
624 3313 694 3368 θθόί
706 3314 777 3384 sqq.)
795 3317 920 3384 apparet,
936 3314 984 3384 qui
1002 3317 1098 3368 narrat
1116 3313 1278 3382 Clisophum
1297 3311 1508 3366 adulescentem

376 3401 453 3455 Sami
473 3418 569 3457 amore
589 3407 700 3458 statuae
720 3403 924 3459 inflammatum
942 3421 1005 3458 esse
1025 3406 1053 3457 et
1071 3419 1172 3457 versus
1191 3401 1364 3457 comicorum
1384 3399 1507 3454 Alexidis

377 3505 414 3544 ex
431 3491 481 3545 illa
500 3491 605 3559 tabula,
625 3509 698 3562 quae
718 3493 809 3560 Γραφή
828 3493 999 3562 inscribitur,
1019 3493 1136 3548 haustos
1156 3494 1184 3546 et
1202 3489 1384 3556 Philemonis,
1408 3489 1508 3559 quihus

372 3579 451 3634 idem
462 3581 590 3649 refertur,
599 3583 696 3637 laudat
704 3583 846 3652 (conferas
856 3582 1065 3638 etiamLuciani
1073 3579 1201 3648 Ἔρωτες
1212 3597 1272 3649 οιιρ.
1281 3579 1382 3649 lhsq.).
1396 3579 1508 3634 Talibus

377 3685 413 3722 err
425 3671 637 3727 narrationibus
651 3689 669 3726 a
681 3672 816 3741 sophistis
829 3673 892 3727 aevi
904 3673 1106 3742 imperatorum
1117 3674 1283 3740 argumenta
1291 3668 1508 3738 prosopopoeia·

378 3775 440 3813 rum
455 3761 575 3830 repetita
594 3778 657 3817 esse
669 3761 857 3817 Philostratus
875 3763 958 3817 docet
974 3762 1019 3831 (ci.
1033 3763 1108 3816 vitae
1128 3759 1317 3829 sophistarum
1337 3758 1429 3828 1118),
1449 3773 1508 3812 curn

378 3849 467 3904 vitam
481 3850 634 3920 sophistae,
648 3851 694 3906 cui
707 3851 900 3907 Onomarchus
914 3869 1017 3906 nomen
1031 3855 1073 3906 est
1086 3849 1188 3920 (ssoruit
1202 3849 1248 3904 ille
1262 3852 1384 3903 exeunte
1397 3847 1508 3902 saeculo

379 3939 505 3994 secundo
524 3957 550 4008 p.
560 3939 677 4010 Chen),
692 3947 814 3996 enarrat.
836 3942 967 4011 Legimus
982 3941 1072 3997 enim:
1093 3942 1177 3994 ἐεεςτι
1191 3939 1215 3992 δ’
1225 3939 1314 3992 αὐτόν
1329 3940 1452 4003 θεωρεῖν
1467 3935 1508 3988 ἐπὶ

378 4033 431 4082 τοῦ
450 4033 501 4096 τῆς
520 4029 629 4084 εἰκόνος
648 4032 783 4102 ἐρῶντος,
804 4032 827 4086 εί
849 4034 885 4099 μη
908 4031 1126 4098 μειρακιεόεςθαι
1145 4029 1239 4082 δόξω·
1261 4029 1370 4093 είρητοι
1394 4027 1466 4080 ιίιδε·
1486 4025 1506 4076 ιδ

379 4117 503 4173 καλλος
518 4121 675 4187 ἔμψυχον
690 4122 725 4175 ἐν
740 4123 863 4190 ἀψόχιρ
878 4123 1021 4188 adaperi,
1036 4119 1079 4174 τίς
1091 4121 1147 4186 tipo
1159 4133 1188 4173 ςε
1202 4118 1349 4182 δαιμόνων
1360 4115 1507 4182 ἐδημιούρ-

379 4223 477 4273 γηςεν;
497 4211 578 4266 κ.τ.ἕ.
611 4209 680 4266 Cum
700 4211 842 4266 sententia
860 4211 991 4266 conferas
1016 4211 1230 4279 epigrammata,
1251 4207 1354 4276 quibus
1373 4205 1507 4273 Meleager

380 4297 570 4364 (authelmi.
581 4303 629 4356 llll
641 4301 684 4356 56.
698 4302 743 4369 57)
761 4317 878 4371 puerum
897 4301 1045 4370 pulchrum
1065 4315 1128 4355 eum
1146 4297 1248 4353 statuis
1267 4299 1422 4366 comparat.
