3096 4924
334 387 398 452 186
529 453 532 460 ,
758 394 876 452 Victor
894 395 1039 464 Goulon,

350 589 407 628 vsa.
565 567 638 633 Sch.
1122 567 1267 634 RBCLA

356 683 420 747 676
445 685 613 764 διαγράφω
635 684 674 748 ab
694 685 872 750 editoribus
927 685 1162 770 btotpdmmR'p,
1170 686 1346 764 διαγράψαι
1354 683 1496 748 BCLA

445 793 576 851 auctore
595 787 743 852 Bentleio
762 807 872 872 recep·
926 789 1041 854 litteris
1065 810 1107 868 ομ
1124 789 1227 852 futuri
1252 788 1497 865 διαγράψομαι

445 895 523 953 tum.
543 889 612 967 Quo
629 889 669 956 de
684 891 783 955 verbo
798 891 872 956 vide
942 890 1145 956 librariorum
1170 891 1297 955 incuria
1320 889 1483 954 omissis.

445 991 606 1058 Kockium
639 993 679 1058 ad
709 993 768 1057 Nb.
798 995 871 1058 774.

444 1094 576 1160 Lemma
588 1097 802 1175 διαγράψομαι
818 1097 873 1162 ha·

445 1199 500 1264 bet
522 1198 548 1264 L
571 1217 635 1264 sec.
651 1198 775 1284 Stein.†

682 1381 1117 1460 Thesmophoriamarnm:

350 1503 407 1542 vso.
554 1481 626 1547 Sch.
1185 1481 1213 1547 R

379 1597 419 1660 21
446 1597 516 1664 οῐόν
539 1618 576 1674 γε
1108 1598 1177 1665 οῐόν
1200 1599 1290 1682 rei-t

378 1701 421 1764 39
447 1702 525 1766 tuot
1141 1702 1254 1786 λεὼς]ι

358 1804 421 1866 125
446 1803 578 1882 δόκιμον
928 1807 1066 1884 δοκίμωι.
1090 1805 1270 1870 Lenissima
1290 1804 1486 1866 mutatione

927 1907 1110 1974 Meinekius
1125 1910 1160 1972 in
1173 1907 1269 1970 vind.
1287 1909 1344 1970 Ar.
1363 1927 1395 1990 p.
1413 1907 1482 1968 147

927 2013 1067 2090 δοκίμων
1127 2011 1257 2094 scripsit
1314 2010 1482 2093 probante

927 2113 1099 2198 Buengero
1122 2113 1182 2198 (De
1199 2115 1254 2177 Ar.
1271 2113 1329 2196 Eq.
1347 2111 1403 2177 Ls.
1421 2111 1481 2176 Th,

927 2217 1012 2301 apud
1036 2217 1124 2281 Suid.
1141 2217 1209 2282 rell.
1226 2237 1254 2300 p.
1271 2218 1336 2299 44).

358 2320 420 2382 179
446 2321 873 2404 xctvit,quodverumlegiese
1151 2327 1241 2403 κοινῇ

445 2423 543 2487 schol.
557 2443 598 2489 ex
610 2424 873 2508 interpretatione

447 2527 562 2611 μεγάλῃ
614 2530 663 2591 καὶ
714 2533 871 2611 θαυμαστῇ

448 2628 574 2694 Bisetus
598 2629 766 2695 conclusit.

357 2731 421 2795 220
446 2733 626 2812 ξυροδόκης
1088 2732 1311 2816 ξυροδίκηεῂι

356 2833 421 2898 273
445 2835 672 2914 Ἱπποκράτους
1069 2834 1330 2918 ὑποκράτουεῇ

356 2938 418 3001 291
445 2940 658 3002 ποεθαλίεκον
703 2938 873 3004 Dindortio
928 2939 1010 3017 πρὸ(
1027 2940 1175 3016 θάληκον.
1200 2936 1292 3014 Quod
1310 2935 1471 3022 quomodo

438 3040 873 3126 praeeunteeditoribuspro-
928 3042 1470 3126 excoctioticxovdepravatumsit

446 3141 564 3205 batum.
927 3143 1074 3229 Engerus
1093 3145 1127 3206 in
1144 3144 1249 3208 adnot
1266 3144 1305 3208 ad
1324 3145 1354 3208 h.
1368 3166 1396 3208 ν.
1414 3164 1469 3210 ex·

1152 3249 1250 3331 ponit

357 3347 421 3411 356
444 3349 598 3423 retourne
1089 3350 1306 3434 secutarem

356 3452 422 3514 834
446 3451 598 3528 Στηνίοια
1106 3451 1290 3535 τηνίοιαῇ

356 3555 421 3617 910
445 3553 552 3632 ἰφύων
569 3573 592 3618 r.
614 3555 662 3619 Cf.
675 3557 781 3622 adnot.
795 3561 872 3623 δέον
1112 3554 1286 3640 &oomni-t

446 3655 542 3720 εἰπεῖν
550 3657 658 3724 ἐκτῶν
666 3657 872 3739 ὅψεωνεῖπεν

446 3755 555 3823 ἐκτῶν
565 3759 680 3842 ἰφύωω
693 3763 777 3827 ludit
787 3764 873 3828 enim

446 3860 597 3945 comicus,
621 3867 677 3947 qui
701 3873 736 3931 ut
759 3869 793 3930 in
810 3886 872 3931 vss.

447 3963 509 4025 387
541 3973 573 4030 et
603 3972 669 4034 456
700 3973 747 4034 sic
777 3971 873 4034 etiam

447 4065 499 4128 hie
509 4066 696 4157 Euripidem
711 4079 747 4137 ut
759 4073 873 4137 humili

445 4169 634 4241 loconatum
644 4177 873 4242 maledicoser·

447 4297 541 4345 mono
565 4282 674 4364 carpit.
