3248 4910
378 393 420 456 70
522 453 525 460 ,
646 409 649 416 “
798 398 834 454 Μ.
853 399 1076 468 Heinemaun,

376 573 409 636 et
423 571 511 636 hunc
525 569 672 655 inprimis
688 571 722 634 in
738 569 904 653 captandis
919 571 1098 652 sententiis,
1114 589 1195 652 quas
1210 569 1339 650 dicunt,
1357 569 1524 652 epigram·
1592 620 1593 658 )

375 676 497 738 matum
512 675 614 740 artem
628 673 748 738 imitari
758 675 789 754 ¹).
813 673 921 740 Pauca
936 672 1035 740 velim
1048 674 1117 758 ipse
1128 673 1285 756 inspicias
1299 671 1470 755 exempla,
1482 691 1522 734 er
1592 661 1593 696 ¹

376 776 494 861 quibus
513 777 666 860 cognosci
685 783 796 860 potest,
816 787 912 860 quarh
933 778 1063 843 brevem
1078 777 1294 844 elocutionem
1312 781 1438 842 auctor
1453 777 1523 852 περὶ

374 877 481 958 ὕψου(
493 879 650 944 adhibeat
669 878 821 945 Conferas
832 880 868 943 in
880 879 992 963 primis
1003 879 1075 944 illos
1086 879 1182 960 locos,
1193 878 1315 962 quibus
1326 877 1370 944 de
1380 877 1521 942 Homeri

374 981 522 1048 versibus
537 981 667 1065 iudicat,
684 987 721 1046 ut
735 1001 803 1066 cap.
815 981 899 1046 IX4
915 981 976 1062 (cd.
987 983 1009 1048 J
1010 981 1243 1064 aha-Vahlen,
1260 981 1396 1065 Lipsiae
1408 981 1519 1055 1905),

375 1104 438 1167 quo
454 1085 494 1150 de
508 1084 618 1150 Iliadis
633 1086 664 1150 Δ
677 1085 742 1148 442
751 1103 820 1169 sqq.
837 1084 993 1166 versibus,
1008 1084 1065 1168 qui
1079 1084 1118 1150 ad
1134 1083 1343 1150 Discordiam
1355 1087 1518 1168 spectant,

374 1188 455 1272 agit:
480 1191 531 1254 καὶ
551 1188 639 1254 τοῦτ’
659 1187 699 1252 ἂν
723 1187 802 1254 εἴποι
825 1208 870 1254 τι(
895 1188 935 1254 οὐ
956 1191 1079 1267 μᾶλλον
1096 1191 1153 1266 τῆς
1172 1187 1305 1266 Ἔριδος
1329 1189 1349 1266 ἢ
1370 1188 1517 1266 Ὀμήρου

374 1293 498 1374 μέτρον,
523 1293 562 1372 et
585 1292 623 1356 ut
642 1290 742 1356 altero
761 1289 910 1373 exemplo
929 1291 1010 1372 utar,
1034 1309 1101 1374 cap.
1117 1289 1217 1354 XVII
1237 1291 1275 1354 2:
1299 1292 1361 1355 τίνι
1380 1290 1446 1368 γὰρ
1466 1288 1515 1352 ἐν·

372 1394 501 1458 ταῦθ’ὁ
526 1393 632 1473 ῥήτωρ
656 1393 822 1472 ἀπέκρυψε
844 1395 881 1460 τὸ
907 1397 1025 1472 εχῆμα;
1050 1397 1148 1471 δῆλον
1172 1393 1220 1458 ὅτι
1242 1398 1290 1476 τῷ
1313 1395 1402 1473 ιριιιτὶ
1423 1392 1513 1474 αὐτῷ

373 1496 459 1578 (vide
479 1495 663 1561 Kaibelium
686 1495 741 1560 hh
764 1515 794 1580 p.
813 1497 896 1576 123).
932 1495 965 1561 Si
990 1516 1064 1562 cum
1087 1497 1137 1562 his
1161 1496 1243 1562 locis
1269 1496 1512 1580 epigrammata.

374 1603 410 1668 ut
431 1600 582 1684 Dionysii
605 1600 771 1683 Sophistae
794 1599 924 1665 Anthoh
945 1599 1012 1664 Pal
1030 1600 1058 1662 V
1074 1601 1126 1682 81,
1150 1601 1408 1684 comparaveris:

463 1722 498 1786 Ἡ
522 1723 562 1786 τὰ
585 1720 675 1802 ῥόδα,
700 1719 873 1799 ῥοδόεεεον
897 1720 975 1800 ἔχει(
997 1721 1104 1800 χάριν·
1128 1720 1213 1784 ἀλλὰ
1235 1721 1263 1784 τί
1287 1723 1421 1796 πωλεῑες

517 1826 643 1902 Σαυτήν
666 1825 686 1900 ἢ
709 1824 749 1888 τὰ
772 1822 870 1902 ῥόδα;
894 1825 930 1902 ἠὲ
953 1823 1192 1902 οιναμφότερα;

373 1948 512 2015 eundem
533 1949 602 2014 iere
626 1951 794 2014 acutarum
813 1948 1044 2013 sententiarum
1063 1967 1203 2012 amorem
1224 1947 1313 2032 apud
1331 1955 1507 2031 utrumqne

372 2072 535 2137 agnosces
568 2052 690 2116 Eodem
710 2051 782 2115 stilo
806 2071 900 2136 saepe
925 2052 1027 2116 utitur
1044 2051 1269 2133 Philostratus
1295 2052 1390 2116 ouius
1410 2069 1506 2134 qnae·

372 2155 445 2219 dam
465 2155 620 2240 epistulae
640 2175 727 2218 mera
746 2157 823 2218 sunt
840 2155 1070 2238 epigrammata
1088 2153 1192 2218 soluta
1212 2155 1360 2219 oratione
1378 2155 1504 2237 scripta,

371 2259 469 2322 unius
497 2263 628 2341 argutae
656 2257 834 2322 sententiae
862 2276 960 2321 causa
988 2257 1171 2341 composita.
1212 2255 1286 2334 Qua
1314 2257 1354 2321 de
1382 2275 1418 2321 re
1449 2255 1502 2318 ubi

371 2361 599 2445 epigrammata
611 2367 643 2426 et
655 2359 810 2444 epistulae
822 2361 995 2425 amatoriae
1007 2361 1063 2424 tali
1075 2361 1109 2424 in
1122 2360 1273 2425 acumine
1287 2362 1504 2440 consentiunt,

370 2464 503 2528 minime
532 2481 664 2528 necesse
691 2467 740 2527 est
766 2462 946 2528 intercedat
972 2464 1057 2528 inter
1079 2481 1116 2528 ea
1143 2463 1248 2548 elegia
1272 2463 1503 2530 Alexandrina

460 2565 620 2631 Romanos
637 2571 744 2630 autem
760 2565 935 2649 elegiarum
955 2567 1126 2650 scriptores
1144 2603 1189 2614 -
1207 2587 1285 2631 nam
1305 2566 1346 2631 ad
1365 2567 1424 2630 hos
1438 2567 1501 2629 iam

371 2669 560 2734 devenimus
580 2667 807 2753 procamiando
825 2706 870 2716 -
889 2675 921 2732 et
939 2669 1026 2752 ipsos
1045 2669 1079 2731 in
1098 2665 1215 2732 studiis
1235 2669 1408 2734 rhetoricis
1432 2668 1503 2732 dili·

370 2777 484 2854 genter
506 2774 650 2836 versatos
669 2790 739 2836 essa
763 2771 890 2854 saepius
912 2771 1061 2834 vidimus.
1091 2769 1188 2835 Nunc
1211 2789 1317 2835 unum
1339 2770 1422 2836 addo
1446 2791 1502 2836 er·

371 2873 522 2957 emplum.
544 2873 624 2951 Quis
637 2873 746 2939 credet
756 2871 1031 2956 Theophylactum
1042 2871 1248 2938 Simocattam
1261 2873 1296 2937 in
1310 2873 1447 2958 epistula
1460 2875 1501 2937 30

371 2981 403 3040 et
427 2975 577 3040 Ovidium
604 2977 639 3040 in
664 2976 765 3060 elegia
788 2977 885 3040 1114
909 2973 1044 3040 eandem
1068 2974 1369 3042 Alexandrinorum
1397 2978 1502 3062 expri-

371 3099 458 3144 mere
482 3080 641 3164 elegiam?
675 3080 794 3144 Tamen
817 3082 954 3162 uterque
977 3079 1139 3162 mulieres,
1162 3099 1247 3162 quae
1270 3081 1358 3146 letus
1382 3083 1502 3148 ventris

369 3182 554 3248 interficere
569 3183 700 3264 soleant,
718 3183 884 3266 vituperat
907 3182 1165 3266 Theophylactus
1177 3183 1310 3266 quidem
1323 3184 1500 3265 mulierem,

370 3301 461 3370 qnae,
481 3305 522 3350 ne
540 3289 650 3370 partus
666 3284 899 3369 pulchritudini
917 3291 1040 3367 noceat
1056 3285 1209 3349 abortivis
1225 3287 1381 3352 remediis
1401 3287 1499 3352 fetum

370 3389 507 3471 necavit,
530 3387 737 3472 reprehendit
760 3391 792 3452 et
813 3390 915 3472 ipsam
933 3387 1081 3453 Medeam
1099 3389 1224 3454 minore
1247 3409 1353 3474 poena
1373 3391 1499 3475 dignam

370 3489 462 3573 dicit,
490 3511 573 3573 quae
600 3493 725 3556 tantum
752 3490 893 3574 lacinus,
921 3493 959 3556 ut
984 3491 1155 3575 perfidiam
1180 3493 1290 3556 mariti
1314 3494 1498 3574 vindicaret,

370 3594 581 3674 commiserim
612 3593 760 3659 ultricem
789 3593 881 3660 deam
910 3593 1075 3664 homicidii
1102 3613 1221 3678 poenas
1250 3595 1290 3660 ab
1320 3615 1359 3662 oa
1386 3597 1499 3681 repoti-

369 3699 482 3760 hiram.
517 3696 599 3760 Item
624 3694 759 3760 Ovidius
783 3695 904 3762 formae
924 3717 1002 3762 cura
1025 3697 1206 3764 abortivum
1229 3697 1420 3764 adhibuisse
1443 3698 1497 3764 Co-

369 3798 495 3862 rinnam
518 3798 615 3882 fingit
641 3799 810 3882 (Amorum
833 3799 866 3863 Π
884 3801 934 3883 14,
952 3803 980 3865 7.
1000 3803 1040 3882 8),
1067 3797 1209 3865 Medeae
1224 3802 1376 3886 exemplo
1400 3803 1499 3868 utitur

369 3907 409 3983 (v.
427 3901 490 3983 29),
514 3899 647 3965 deorum
665 3899 841 3965 vindictam
864 3901 956 3967 timet
978 3905 1018 3986 (v.
1035 3905 1098 3986 43).
1133 3903 1279 3986 nocent,
1304 3905 1393 3988 quod
1416 3905 1496 3990 apud

463 4049 482 4118 ¹)
498 4048 591 4103 Herm.
604 4048 640 4102 34
658 4047 751 4119 (1899)
770 4065 796 4118 p.
810 4049 876 4104 123:
896 4049 952 4105 ‘lch
971 4051 1072 4120 glauhe
1090 4049 1177 4116 nicht,
1195 4049 1252 4105 dall
1268 4049 1332 4104 sich
1345 4051 1393 4106 hai
1405 4051 1496 4121 irgcnd

369 4133 461 4189 einem
480 4134 682 4190 Schriltsteller
703 4135 753 4189 dar
771 4135 891 4190 zweiten
909 4135 1052 4204 Sophistilr
1071 4151 1104 4190 so
1122 4134 1195 4188 ricla
1213 4134 1273 4190 und
1292 4151 1325 4190 so
1345 4135 1496 4206 glitckliche

368 4219 545 4288 Epigramma
563 4219 745 4274 nachweisen
763 4220 868 4288 lassen,
888 4219 1031 4276 vielleicht
1045 4236 1077 4275 so
1090 4235 1140 4290 gar
1152 4219 1217 4274 hein
1230 4219 1367 4290 einaizos,
1381 4221 1433 4277 das
1445 4220 1495 4276 den

369 4307 478 4364 Nomen
496 4307 527 4362 in
545 4309 647 4364 vollem
666 4309 753 4364 Sinna
771 4309 917 4365 verdient’.
