3308 4938
370 377 414 440 84
738 379 875 449 Ludwig
893 381 1138 448 Roscnmeyer‚

370 571 595 638 quaecumque
618 553 703 617 facta
726 551 822 616 sunt'
856 550 951 634 Apud
974 549 1205 614 Tertullianum
1224 546 1505 632 (26115-28123)

370 658 471 724 verba
485 657 552 740 ‘qui
569 661 602 720 et
616 655 723 739 ipsum
739 655 929 720 creatorem'
945 660 1069 719 mutare
1085 655 1182 718 velim
1198 655 1232 718 in
1256 656 1301 718 ‘et
1320 655 1379 737 qui
1399 675 1504 719 unum

371 760 573 827 creatorem’:
585 761 703 842 ‘etqui'
712 759 827 842 scribo,
836 779 911 824 cum
919 759 953 822 hi
961 759 1185 844 haeretici,q11i
1193 758 1505 822 certeValentiniani

371 869 456 946 sunt,
472 883 538 927 non
554 863 620 927 sint
634 862 732 927 iidem
748 866 844 944 atque
860 862 893 942 ii,
911 880 992 944 quos
1004 859 1098 924 modo
1115 860 1222 924 attulit
1232 863 1359 938 auctum
1376 861 1503 925 ‘unum’

370 967 478 1031 acrius
497 964 765 1049 praecedentibus
783 964 902 1048 opponi
918 962 1046 1028 videtur
1062 963 1143 1026 mihi
1160 983 1257 1045 quum
1269 962 1407 1046 ‘ipsum’.
1441 963 1504 1028 Re-

370 1072 455 1134 stant
466 1087 555 1132 nunc
567 1067 665 1132 verba
676 1068 888 1151 ‘ignorantem
906 1066 1044 1148 quoque’
1055 1067 1087 1148 ¹),
1103 1085 1186 1148 quae
1202 1065 1242 1129 ad
1261 1065 1503 1150 interpretanda

370 1172 467 1236 velim
480 1171 627 1235 conferas
637 1170 763 1234 Irenaei
772 1170 792 1232 l.
801 1169 820 1232 l.
828 1169 845 1232 I
853 1194 877 1251 ι,
887 1195 900 1234 ι
911 1169 1032 1256 (Mipaa
1040 1169 1170 1255 p.496):
1179 1167 1286 1233 Ταῦτα
1298 1173 1335 1234 δὲ
1346 1170 1405 1234 τὸν
1417 1174 1504 1248 δημι-

370 1277 490 1353 ουργὸν
506 1273 679 1352 φάεκουαν
695 1272 752 1352 ἀφ’
766 1273 882 1336 ἑαυτοῦ
899 1275 955 1350 μὲν
973 1274 1091 1356 ᾡῆεθαι
1104 1273 1351 1354 καταεκευάζειν,
1372 1294 1504 1352 πεποιη-

370 1379 458 1446 κὲναι
473 1377 501 1440 δ’
513 1377 593 1440 αὐτὰ
608 1380 665 1454 τῆε
683 1378 825 1455 Ἀχαμὼθ
843 1377 1103 1454 προβαλλούεηε·
1126 1375 1270 1453 οὐρανὸν
1288 1377 1504 1454 πεποιηκέναι,

371 1485 414 1561 μή
432 1481 638 1546 εἰδότατὸν
651 1479 834 1559 οὐρανόν·
852 1481 900 1543 καὶ
913 1479 1088 1557 ἄνθρωπον
1100 1480 1359 1560 πεπλακέναι,μὴ
1373 1479 1503 1544 εἰδότα

369 1586 437 1648 τὸν
466 1581 691 1661 ἄνθρωπον·
721 1586 782 1660 γῆν
810 1584 845 1646 δὲ
873 1583 1053 1660 δεδειχὲναι,
1082 1584 1127 1660 μὴ
1156 1581 1409 1661 ἐπιετάμενον
1437 1585 1503 1661 τὴν

369 1691 454 1764 γῆν·
473 1687 522 1749 καὶ
541 1684 590 1748 ἐπὶ
608 1685 739 1750 πάντων
756 1684 843 1750 οὕτω
859 1686 1000 1760 λέγουειν
1017 1685 1202 1763 ἠγνοηκέναι
1218 1685 1326 1748 αὐτῶν
1341 1687 1399 1749 τὰ(
1417 1685 1502 1749 iiior

370 1789 418 1854 ὧν
437 1789 543 1870 ἐποίει,
563 1790 612 1852 καὶ
631 1789 730 1866 αὐτὴν
745 1790 803 1866 τὴν
820 1791 952 1866 μητέρα·
972 1789 1073 1853 αὐτὸν
1089 1791 1126 1852 δὲ
1142 1787 1244 1864 μόνον
1261 1789 1379 1867 ᾡῆεθαι
1398 1789 1503 1852 πάντα

371 1887 456 1957 εἶναι.
488 1889 599 1956 Scribo
619 1909 723 1954 nunc:
750 1889 767 1952 ⁸.
785 1941 791 1954 .
809 1941 815 1954 .
834 1896 865 1954 et
884 1891 939 1973 qui
960 1909 1061 1954 unum
1081 1896 1259 1954 creatorem
1277 1894 1334 1954 aut
1351 1890 1503 1970 angelum

371 1995 496 2060 faciunt
522 1997 578 2058 aut
605 1993 645 2057 ab
673 1993 734 2058 alio
763 2013 826 2077 quo
851 1995 1054 2059 extrinsecus
1077 1992 1117 2056 ad
1141 2013 1240 2076 opera
1262 1992 1385 2076 mundi,
1412 1994 1504 2076 igno-

372 2102 497 2164 rantem
521 2117 659 2181 quoque,
683 2097 914 2162 subomatum?
947 2095 1041 2173 Quod
1064 2095 1212 2179 sequitur
1234 2095 1310 2160 ‘aut'
1335 2096 1414 2161 ferri
1438 2116 1503 2160 uon

371 2205 491 2286 potsst;
522 2201 816 2285 scripserimt-‘At
845 2202 877 2264 si
908 2201 965 2265 sio
995 2200 1101 2264 solus
1132 2199 1279 2264 caelum
1311 2198 1503 2282 extendit,

371 2305 531 2388 quomodo
561 2305 613 2368 isti
642 2306 853 2388 praesumunt
879 2303 913 2366 in
942 2321 1129 2386 perversum
1154 2301 1326 2384 haeretici,'
1349 2302 1504 2384 (Praxeas

371 2408 507 2488 scilicet)
531 2407 634 2491 ‘quasi
657 2407 838 2490 singularia,
863 2425 929 2470 non
953 2403 1139 2469 admittatur
1162 2405 1274 2488 sophia
1296 2404 1351 2468 illa
1375 2405 1502 2470 dicens:

372 2529 456 2575 oum
478 2516 632 2593 pararet
660 2509 823 2590 caelum,
847 2527 916 2590 ego
940 2508 1092 2572 aderam
1115 2507 1201 2570 illi?
1236 2507 1355 2590 (Wonn
1377 2529 1409 2572 aa
1431 2508 1504 2574 abar

370 2633 403 2678 ao
428 2615 560 2698 pandat
587 2620 669 2678 adro
697 2662 760 2676 ...
787 2612 843 2676 coll
872 2612 960 2676 dona
989 2610 1228 2697 uuapeacldoacon
1251 2611 1362 2692 emnil
1391 2611 1430 2674 In
1454 2630 1503 2676 se-

370 2714 546 2799 quentibus
573 2715 681 2779 verbis
710 2722 751 2794 (v.
774 2715 918 2796 10-28)
945 2713 1130 2778 desiderant
1156 2715 1218 2776 viri
1247 2713 1332 2777 docti
1362 2713 1503 2797 aliquam

370 2837 548 2902 personam,
565 2817 619 2881 cui
636 2817 853 2880 attribuantur
868 2816 982 2880 verba:
1003 2817 1101 2898 ‘quis
1121 2817 1303 2900 cognovit
1318 2867 1325 2880 .
1343 2867 1349 2879 .
1367 2866 1374 2879 .
1389 2817 1501 2881 fuit?

372 2921 488 2986 Utrum
505 2920 690 3004 ‘apostolus’
707 2920 911 3003 significetur
928 2940 970 2983 an
986 2919 1128 3001 ‘Esaias’,
1148 2939 1225 2984 sane
1244 2919 1419 2984 diiudicari
1438 2940 1502 2984 non

370 3027 483 3108 potest,
496 3023 531 3087 in
543 3023 658 3088 Esaiae
670 3023 731 3087 XL
742 3051 767 3088 ιι
785 3024 943 3106 scriptum
955 3023 1108 3105 legimus:
1122 3023 1175 3087 Tic
1186 3023 1269 3097 ἔγνω
1282 3025 1365 3087 νοῦν
1379 3023 1502 3104 Κυρίου,

370 3129 420 3192 καὶ
435 3128 480 3192 ric
495 3127 597 3191 αὐτοῦ
610 3127 787 3205 εύμβουλοε
803 3127 939 3206 ἐγένετο,
956 3126 993 3189 ilc
1010 3129 1140 3208 ευμβιβᾷ
1152 3125 1266 3202 αι’πόν;
1287 3125 1322 3188 in
1341 3124 1397 3208 llp.
1408 3125 1503 3190 Pauli

370 3229 411 3294 ad
431 3229 521 3294 Rom.
537 3228 587 3292 XI
602 3250 647 3294 aa:
672 3229 724 3292 Tic
747 3231 807 3307 γὰρ
836 3229 919 3302 ἔγνω
944 3230 1026 3292 νοῦν
1051 3228 1179 3307 Κυρίου;
1208 3229 1295 3305 licit
1320 3230 1504 3307 εύμβουλο(

370 3334 472 3399 αὐτοῦ
492 3333 634 3410 ἐγένετο;
658 3330 802 3414 ‘Esaias’,
827 3331 921 3395 cuius
940 3333 989 3394 esi
1006 3333 1039 3395 et
1057 3329 1137 3394 illud
1157 3329 1329 3395 ‘extendi
1354 3331 1502 3396 caelum

370 3437 496 3517 solus',
516 3439 623 3499 mento
642 3434 784 3518 suppleri
805 3454 870 3497 non
888 3436 1001 3517 potest
1022 3453 1095 3497 oum
1112 3435 1197 3498 inter
1213 3434 1295 3498 hanc
1312 3439 1344 3498 et
1359 3439 1503 3499 nostram

371 3539 562 3601 sententiam
589 3538 680 3602 locus
704 3537 950 3621 proverbiorum
973 3539 1113 3602 insertus
1137 3537 1187 3600 sit
1222 3537 1371 3602 Fortasse
1395 3541 1503 3604 minen

371 3639 498 3702 restitui
522 3642 641 3722 potest:
668 3640 710 3704 ‘et
734 3640 790 3723 qui
810 3638 910 3702 dixit:
936 3641 1022 3722 quis
1042 3689 1048 3702 .
1066 3689 1072 3702 .
1090 3690 1096 3703 .
1116 3641 1218 3704 fuiti
1243 3641 1357 3723 utique
1375 3645 1505 3725 praeter

371 3739 517 3823 sophiam
546 3740 647 3805 dixit
673 3743 728 3824 (cal
751 3742 860 3824 dicitt',
890 3739 931 3805 ad
960 3741 1046 3824 quod
1071 3761 1210 3825 sequens
1234 3742 1336 3808 ‘dicit’
1361 3743 1445 3809 bene
1468 3765 1503 3810 se

371 3841 525 3926 adiungit
561 3843 632 3920 Qua
655 3845 792 3909 lectione
817 3851 949 3928 accepta
974 3845 1099 3928 planius
1123 3847 1336 3930 perspicimus
1360 3847 1504 3930 'praeter

370 3945 527 4028 sophiam'
550 3946 590 4009 ad
614 3946 857 4030 praecedentem
882 3965 1061 4011 sermonem
1086 3949 1257 4031 pertinere,
1280 3950 1326 4013 iia
1348 3955 1385 4013 ut
1407 3949 1503 4015 facile

371 4048 611 4132 intellegamus:
637 4050 720 4132 ‘quis
743 4054 870 4132 praeter
893 4051 1058 4133 sophiam'.

463 4195 483 4264 ¹)
502 4193 542 4248 Cf.
557 4195 630 4250 inira
649 4195 747 4264 cerua
767 4195 882 4264 (assela
903 4197 970 4250 'non
989 4197 1146 4266 ignorante,
1166 4197 1233 4268 quid
1252 4199 1376 4254 iaceret*
