3096 4924
263 414 444 484 Quaestiones
465 415 589 472 criticae
609 415 638 470 in
656 414 853 484 Aristophanis
872 415 991 470 tabulas.
1130 409 1192 472 187

93 611 140 650 sss.
292 587 357 652 Soh.
910 585 939 650 R

91 719 144 780 aru
167 721 324 794 παίςωμεν
827 717 1027 800 πέςωμενῆγι

76 819 144 878 1191
168 819 303 898 ςυβήνην
657 821 875 906 ςυμβήνηνγγι
903 818 952 884 De
974 819 1080 884 littera
1105 821 1193 898 pin-

679 927 762 988 serta
786 923 827 988 of.
844 943 872 1007 p.
891 923 933 986 66
957 922 996 986 ad
1020 926 1080 986 Av.
1098 923 1172 986 245.

77 1023 145 1084 1221
168 1025 319 1089 πέπαιςιαι
824 1026 1033 1110 minotauri-i

152 1407 316 1490 Pergamus
342 1411 386 1474 ad
412 1409 574 1492 singulos
603 1428 684 1492 quos
707 1409 861 1474 asterisco
886 1411 1076 1492 notavimus,
1105 1409 1193 1475 locos

78 1511 249 1576 necandos

152 1614 188 1678 Iu
216 1615 407 1680 Rauarum
438 1637 469 1679 v.
496 1617 560 1680 340
585 1635 652 1699 sqq.
676 1615 778 1694 ἔγειρε
801 1616 945 1695 φλογέας
968 1617 1136 1693 λαμπάδας
1160 1617 1194 1681 ἐν

81 1719 149 1792 χερςὶ
173 1719 317 1784 τινάςςυιν
346 1725 424 1802 post
449 1720 486 1784 ἐν
511 1721 593 1798 χερςὶ
621 1719 653 1782 ἰιι
683 1719 743 1783 RV
771 1719 832 1796 γὰρ
860 1720 925 1798 ἥκει
948 1720 1106 1783 insertum
1138 1727 1194 1784 est.

82 1816 365 1904 Schol.Vexplicat:
388 1821 493 1900 ἔγειρε
512 1823 671 1901 φλογέας·
690 1823 727 1886 τὸ
746 1823 817 1900 ἔέῆς
836 1821 934 1900 ἔγειρε
953 1822 1097 1901 φλογέας
1118 1827 1195 1901 λαμ-

81 1921 168 1985 πάδος
193 1922 228 1989 ἔν
256 1927 338 2004 χερςὶ
366 1925 543 1990 τινάεςων·
570 1925 654 2003 ἥκεις
682 1925 836 2002 νυκτέρου
864 1927 988 2001 τελετῆς
1013 1924 1196 2004 φωςφόρος

84 2024 159 2103 inin
177 2029 209 2092 ἔν
225 2032 308 2108 χερςὶ
329 2030 490 2094 τινάςςιιιν
505 2031 646 2110 φλογέας
663 2031 842 2108 λαμπάδας;
867 2029 964 2093 schol.
984 2029 1034 2094 R.:
1059 2031 1195 2110 νοητέον

86 2127 180 2196 οἰπυις·
202 2133 299 2211 ἔγειρε
322 2136 470 2214 φλογέας
493 2135 659 2213 λαμπάδας
682 2135 717 2198 ἔν
741 2137 824 2213 χερςὶ
847 2135 1010 2199 τινάςςων·
1034 2135 1116 2212 ἥκεις
1133 2135 1195 2213 γὰρ

86 2237 215 2313 κυπέρου
238 2241 364 2316 τελετῆς
395 2238 578 2318 φωςφόρος
602 2239 705 2318 ἀςτήρ.
721 2237 846 2302 Versus
863 2257 881 2300 a
897 2237 1018 2301 criticis
1038 2237 1095 2301 diu
1114 2237 1196 2301 mul-

86 2341 196 2420 tumque
224 2347 361 2405 vexatus
387 2345 446 2405 est.
463 2340 646 2405 Meinekins
674 2340 805 2424 quidem
834 2342 868 2404 in
887 2339 984 2404 Vind.
1008 2343 1063 2405 Ar.
1083 2362 1111 2425 p.
1130 2342 1194 2404 164

86 2441 212 2506 υνὰςςων
235 2443 471 2508 removendum
495 2462 565 2508 esse
589 2445 722 2527 putavit,
749 2443 785 2506 G.
809 2441 1017 2506 Hermannus
1043 2449 1075 2506 et
1092 2444 1195 2508 Reisi-

88 2542 144 2622 gius
162 2543 256 2626 (Cani.
280 2567 309 2630 p.
334 2547 415 2628 299)
439 2547 500 2626 γὰρ
523 2547 587 2624 ἥκει
611 2545 868 2626 eliminaverunt,
897 2545 952 2608 alii
976 2545 1038 2609 alia
1061 2549 1196 2630 tempta-

88 2649 187 2709 venmt
209 2647 424 2732 Participium
447 2650 598 2713 τινάςςων
622 2648 796 2713 delendum
819 2668 884 2713 nou
909 2667 980 2713 esse
1003 2669 1194 2734 persuasum

90 2743 177 2812 habeo.
198 2751 269 2816 Hoc
292 2754 379 2816 enim
410 2752 513 2816 eiecto
542 2771 607 2814 non
631 2751 800 2834 perspicio,
825 2751 902 2833 quid
926 2751 989 2814 sibi
1013 2753 1092 2816 velit
1115 2751 1195 2816 illud

90 2846 115 2909 ἓν
130 2856 208 2929 γερςὶ
228 2854 353 2931 Quibus
373 2875 451 2919 cum
470 2853 586 2936 verbis,
603 2873 686 2936 quae
705 2855 909 2937 participium
929 2853 1123 2936 desiderant
1140 2875 1195 2938 op-

93 2951 150 3016 time
170 2959 373 3042 coniungitur
391 2957 561 3034 τινάςςων;
586 2976 650 3039 quo
670 2955 710 3020 de
732 2956 829 3020 verbo
848 2955 968 3039 pendet
991 2958 1196 3022 accusativus

91 3053 234 3126 λαμπάδας
263 3060 413 3124 Praestat
440 3062 527 3124 certe
555 3058 653 3123 verba
680 3060 741 3138 γὰρ
769 3061 835 3137 ἥκει
859 3059 1034 3124 eliminare.
1064 3059 1154 3137 Quae
1178 3079 1196 3125 a

93 3155 252 3234 glossemate
277 3164 311 3225 iu
335 3165 466 3228 textum
489 3162 576 3226 illata
600 3181 671 3226 esse
695 3161 840 3226 Kockius
864 3162 899 3224 in
922 3161 1027 3227 adnot
1051 3161 1100 3226 ad.
1122 3163 1149 3226 h.
1167 3183 1195 3227 ν.

94 3256 158 3324 haud
178 3267 238 3328 scio
262 3287 303 3330 au
328 3267 402 3330 inre
425 3267 562 3346 moneat,
586 3285 661 3328 cum
684 3283 764 3328 voce
784 3263 891 3346 ἔγειρε,
912 3283 1008 3346 quam
1027 3269 1111 3328 stare
1131 3285 1196 3329 non

95 3379 166 3440 posse
189 3370 347 3450 aptissime
378 3369 520 3452 exponit,
547 3368 582 3430 in
613 3367 715 3442 ἔπειγε
742 3369 865 3428 mutata
892 3367 940 3429 sic
968 3366 1195 3431 ratiocinetur:

94 3460 258 3534 “Vielleicht
281 3472 325 3534 ist
344 3473 450 3546 ἔπειγε
468 3471 648 3552 γίπέιιιιιοίλ)
667 3490 709 3533 zu
732 3469 836 3533 lesen:
862 3468 940 3532 eile
964 3469 1116 3550 hauhei,
1132 3489 1197 3534 wo-

95 3583 125 3626 zn
144 3571 219 3636 3441.
243 3573 296 3638 dic
319 3572 545 3656 Begriindung
568 3572 686 3655 geben:
717 3571 820 3636 deun
844 3571 941 3634 alles
965 3577 1102 3635 wartet
1125 3593 1198 3636 nur

96 3669 144 3730 aa
162 3670 247 3738 dich.
273 3674 370 3738 Daun
393 3676 513 3738 kounte
535 3678 595 3753 γὰρ
620 3675 687 3752 ἥκει
710 3677 824 3756 (ἥκεις),
849 3674 906 3737 das
930 3674 982 3738 die
1005 3674 1101 3738 Hdss.
1126 3675 1197 3738 hin-

97 3772 133 3830 ter
150 3780 220 3852 χερςὶ
242 3777 357 3858 haben,
383 3797 441 3842 sus
464 3779 555 3842 einer
578 3778 691 3843 Glosse
715 3799 756 3842 zu
775 3777 879 3852 ἔπειγε
904 3777 1095 3842 entstanden
1116 3779 1195 3842 sein.

96 3869 192 3940 Thesm
208 3883 283 3945 783:
310 3881 440 3962 βάςκετ’,
460 3881 606 3956 ἐπείγετε.
631 3881 748 3946 Bubul.
768 3883 817 3960 15,
837 3883 891 3959 113
916 3880 988 3945 ua’
1005 3881 1075 3946 εἴτι
1091 3883 1197 3960 βούλει

98 3979 146 4040 τῶν
164 3984 360 4063 λελειμμένων
376 3989 499 4066 φαγεῖν,
516 3983 623 4061 ἔπειγ’,
639 3983 774 4059 ἔπειγε”.
795 3981 904 4046 Verba
922 3985 1029 4047 autem
1048 3984 1108 4061 γὰρ
1131 3985 1196 4062 ἥκει

102 4077 135 4142 sio
148 4083 300 4152 intextum
312 4089 520 4172 irrepserunt,
532 4095 570 4151 ut
585 4088 692 4152 locum
703 4088 885 4152 obtinerent
894 4088 984 4150 vocis
995 4087 1196 4170 TittMOEN,

101 4198 161 4260 tute
173 4197 293 4274 propter
311 4190 418 4256 simile
434 4190 515 4254 illud
533 4191 644 4256 ΙΑΚΧΩ
661 4190 828 4256 exciderat
843 4191 894 4270 (cf.
912 4191 1010 4254 schol.
1028 4210 1091 4255 rec.
1108 4191 1148 4254 ad
1168 4211 1196 4253 v.

103 4282 149 4347 343
167 4287 194 4354 ἔν
213 4295 246 4356 δέ
269 4313 325 4357 τιςι
350 4292 510 4358 ἐκλέλοιπε
532 4295 570 4358 τὸ
593 4294 765 4376 τινάςςων).
