3406 4786
168 326 318 397 Epistulae
332 326 488 382 amatoriae
502 327 642 397 quomodo
657 327 829 383 cohaereant
842 344 906 384 cum
920 328 1017 398 elegiis
1027 328 1234 384 Alexandrinis
1265 321 1307 386 29

169 499 244 564 sive
266 499 379 582 ipsius,
401 503 436 562 ut
451 501 556 582 negat,
579 500 647 583 pari
667 498 769 582 gloria
787 498 954 584 dignus'1).
979 499 1073 576 Quod
1091 500 1218 565 Plinius
1236 501 1309 566 illas

171 602 283 667 Plauti
301 602 483 668 Terentiive
501 603 642 667 sermoni
662 606 814 686 cognatas
837 621 908 668 esse
928 604 1101 686 contendit,
1124 603 1202 669 inde
1221 609 1309 669 certe

171 705 414 789 explicandum,
431 706 517 788 quod
535 706 631 770 etiam
648 705 895 790 epistolographi
909 705 1024 772 Graeci
1040 708 1182 772 comicos
1198 711 1309 792 poetas

172 809 316 873 maxime
332 809 566 893 expilaverunt
590 809 640 873 Ita
655 829 698 874 ex
713 809 803 874 hisce
815 808 939 874 Latinis
955 809 1102 894 epistulis
1118 809 1309 893 colligimus,

171 932 239 994 quo
255 931 403 977 sermone
416 912 558 978 Graecae
573 911 719 977 eiusdem
730 914 842 977 aetatis
855 914 1052 996 compositae
1064 913 1136 977 sint
1161 912 1309 996 Sequun-

171 1017 228 1080 tur
247 1015 403 1098 epistulae
422 1014 642 1097 Lesbonactis
661 1015 854 1098 Melesermi,
873 1016 1001 1081 Zonaei.
1039 1015 1248 1082 Lesbonactis
1268 1016 1308 1083 de

172 1118 652 1202 epistulisdisseritscholiastes
661 1119 885 1184 inLucianum
894 1122 964 1199 περὶ
974 1118 1307 1204 ὀρχήεεωερ.189,11

173 1225 223 1292 ed.
236 1226 340 1292 Rabc:
354 1226 535 1305 herbiliaci·
547 1230 666 1292 τοῦτον
680 1228 760 1303 λέγει
768 1227 986 1310 Λεεβώνακτα,
999 1226 1039 1292 οὗ
1053 1229 1103 1292 καὶ
1120 1226 1208 1292 ἄλλαι
1223 1231 1310 1306 μελέ-

171 1355 221 1399 ται
242 1334 402 1413 ῥητορικαὶ
421 1335 574 1415 φέρονται
593 1335 759 1413 θαυμάειαι
777 1336 826 1399 καὶ
845 1333 1001 1413 ἐνάμιλλοι
1022 1334 1233 1414 Νικοστράτου
1257 1337 1309 1400 καὶ

174 1441 394 1520 Φιλοετράτου
423 1445 490 1506 τῶν
514 1442 548 1506 ἐν
575 1446 641 1507 τοῑε
664 1443 833 1521 νεωτέροις
862 1445 1024 1522 εοφιεταῑε
1056 1443 1309 1526 διατρεπόντων,

175 1551 305 1628 μάλιετα
325 1551 360 1613 bt
381 1549 412 1613 ct
435 1551 610 1628 ἐρωτικαὶ
631 1549 821 1614 ἐπιετολαὶ
840 1551 966 1628 πολλὴν
985 1552 1043 1627 τήν
1061 1549 1096 1616 ἐκ
1115 1554 1182 1614 τῶν
1202 1550 1310 1625 λόγων

173 1656 404 1722 ἀποσάζονεαι
434 1657 563 1736 ἡδονήν.
607 1655 656 1721 De
689 1661 792 1721 aetate
822 1656 1030 1721 Lesbonactis
1064 1655 1309 1738 diligentissime

174 1757 329 1823 disseruit
351 1758 543 1824 Fredericus
563 1757 703 1840 iliani-²),
727 1759 783 1841 qui
802 1759 971 1841 rhetorem,
995 1760 1091 1824 cuius
1114 1765 1179 1823 tres
1203 1757 1309 1824 decla-

175 1864 334 1926 mationes
353 1861 447 1926 nobis
464 1869 609 1929 servatae
628 1869 712 1945 sunt,
732 1866 835 1927 aetate
854 1863 1074 1927 recentiorum
1092 1863 1309 1946 sophistarum

173 1965 327 2030 floruisse
349 1964 450 2030 docet
484 1964 627 2047 Rohdet)
650 1971 758 2030 autem
779 1965 872 2030 illum
895 1984 974 2030 aevo
994 1968 1161 2048 Augusteo
1188 1966 1310 2030 vixisse

175 2066 394 2132 contenderat
427 2067 520 2145 Quod
541 2070 617 2133 cum
640 2087 753 2132 verum
775 2074 911 2152 putaret,
939 2069 989 2132 vir
1013 2087 1159 2133 summus
1187 2067 1226 2132 ab
1254 2069 1310 2133 illo

175 2176 342 2235 auctorem
365 2170 575 2254 epistulamm
604 2172 801 2252 seiunxerat,
830 2172 982 2254 quoniam
1005 2172 1066 2236 hac
1096 2177 1197 2236 aetate
1221 2172 1311 2236 nulla
1337 2205 1341 2212 ·

174 2273 288 2338 talium
301 2272 511 2356 epistularum
527 2275 661 2357 vestigia
675 2275 909 2338 invenirentur.
926 2273 998 2339 Hoc
1010 2294 1069 2339 nos
1085 2281 1311 2358 argumentum

175 2396 242 2441 non
263 2376 437 2459 probamus
456 2418 499 2430 -
517 2397 592 2441 nam
611 2378 757 2442 extitisse
775 2377 831 2441 illa
849 2381 952 2442 aetate
969 2377 1122 2460 epistulas
1141 2378 1311 2441 amatorias

175 2500 252 2544 mox
269 2479 476 2544 ostendemus
493 2518 544 2562 —,
562 2481 715 2564 epistulas
731 2483 837 2544 tamen
855 2480 976 2544 rhetori
993 2479 1199 2544 attribuimus
1216 2480 1311 2562 eique

173 2584 366 2649 recentioris
396 2585 517 2648 aetatis.
556 2583 639 2648 Nam
670 2603 745 2649 cum
773 2584 860 2649 Theo
891 2604 958 2668 cap.
979 2584 1048 2669 Xt)
1079 2586 1163 2649 inter
1192 2603 1311 2669 genera

174 2686 427 2770 prosopopoeiae
446 2687 563 2761 λόγου(
582 2689 829 2765 προτρεπτικοὺε
851 2691 883 2752 ot
905 2688 1115 2753 ἐπιετολικοὺε
1134 2690 1310 2768 enumeret

175 2789 326 2871 duaeque
346 2788 442 2853 huius
458 2788 666 2853 Lesbonactis
692 2790 852 2855 orationes
874 2791 1050 2854 hortativae
1071 2791 1144 2872 sint,
1168 2790 1308 2856 eundem

249 3000 290 3068 Ὶιλ
317 3000 387 3055 Cum
410 2999 467 3054 illis
493 2999 628 3069 epistulis,
652 3014 723 3069 quas
748 2999 918 3055 Saturninus
942 3001 978 3055 ab
1002 3016 1091 3055 uxore
1110 3017 1140 3054 se
1166 2999 1311 3070 accepisse

176 3086 338 3153 simulabat,
357 3084 485 3140 carmina
503 3084 651 3152 amatoria,
678 3099 750 3154 qnae
770 3084 894 3154 Sulpicia
913 3085 1020 3140 Caleno
1040 3084 1142 3140 marito
1162 3085 1309 3140 dedicasse

176 3171 288 3237 dicitur,
310 3186 465 3238 compares.
490 3169 530 3226 Cl.
544 3170 681 3225 Martialis
700 3169 785 3240 epigr.
803 3170 874 3225 X35
894 3175 921 3225 et
941 3171 1062 3240 Apollin.
1081 3169 1176 3225 Sidon.
1196 3170 1231 3224 lX
1249 3169 1310 3223 261.

177 3253 230 3308 262
250 3255 422 3310 carminum:

430 3339 492 3395 Non
512 3339 587 3410 quod
605 3338 746 3408 Sulpiciae
765 3339 844 3394 iocus
863 3339 979 3394 Thaliae

430 3429 548 3499 Scripsit
566 3428 790 3499 blandiloquium
808 3445 860 3484 suo
879 3428 993 3484 Caleno.

179 3526 217 3582 Ci.
238 3527 273 3583 da
297 3527 353 3582 illis
372 3527 624 3583 Reitzensteinium
647 3528 677 3582 in
696 3527 923 3598 Encyclopaedia
942 3527 1183 3597 Pauly-wissowa
1201 3527 1236 3583 VI
1250 3528 1310 3583 105.

177 3612 312 3669 Videmus
330 3613 402 3667 tales
415 3612 637 3682 prosopopoeiae
655 3612 706 3668 illa
723 3616 817 3668 aetate
836 3617 865 3668 et
883 3613 1012 3668 versibus
1031 3616 1059 3667 et
1072 3613 1199 3668 oratione
1217 3613 1311 3668 soluta

178 3715 263 3768 saepe
282 3688 452 3767 compositas
473 3715 544 3753 esse.

269 3789 290 3856 ²)
314 3788 480 3843 Fredericus
503 3788 596 3856 Kiehr,
620 3788 806 3843 Lesbonactis
831 3787 984 3857 sophistae,
1008 3803 1081 3858 quae
1100 3791 1252 3857 supersunt
1275 3787 1312 3842 ad

178 3873 261 3929 fidem
279 3873 414 3928 librorum
433 3874 690 3942 manuscriptorum
709 3873 786 3928 edita
808 3878 836 3929 et
855 3873 1065 3929 commentariis
1088 3873 1234 3928 instructa.
1260 3873 1311 3927 Ar·

178 3958 318 4030 gentorati
338 3959 415 4014 1906.

269 4049 292 4120 ⁸)
312 4048 420 4103 Gricch.
440 4048 569 4104 Roman¹
588 4049 650 4116 367,
663 4048 689 4103 3.

269 4139 291 4210 ⁴)
310 4138 388 4193 Walz
402 4139 419 4193 l.
431 4138 447 4192 l.
462 4138 472 4192 l
490 4155 515 4207 p.
525 4137 586 4205 235,
606 4138 727 4207 Spengel
740 4138 757 4192 l.
768 4137 785 4192 l.
802 4138 936 4207 11p.115:
956 4138 1013 4191 ὑπὸ
1028 4138 1059 4191 δὲ
1075 4141 1162 4190 τοῦτο
1180 4138 1214 4190 τὸ
1228 4136 1312 4201 γένοε

177 4228 227 4292 τῆε
240 4222 394 4289 γυμνατίαε
406 4222 502 4277 πίπτει
516 4265 521 4277 .
537 4264 542 4277 .
558 4265 563 4278 ,
577 4225 611 4277 τὸ
624 4227 685 4277 τῶν
698 4229 919 4290 προτρεπτικῶν
936 4222 981 4276 καὶ
998 4224 1032 4276 τὸ
1045 4227 1106 4276 τῶν
1119 4223 1311 4277 ἐπιετολικιῖιν.
