3406 4786
180 321 325 394 Epistulae
341 325 496 381 amatoriae
509 325 649 395 quomodo
663 326 835 382 cohaereant
847 341 911 382 oum
925 327 1022 397 elegiis
1032 326 1239 384 Alexandrinis.
1269 323 1309 386 61

649 1071 770 1156 Caput
792 1072 848 1137 IV.

271 1227 333 1293 Sed
352 1232 478 1312 tempus
497 1231 547 1294 est
564 1227 604 1293 ad
623 1229 757 1313 elegiam
776 1228 905 1312 reverti,
924 1235 962 1294 ut
980 1230 1209 1314 examinemus,
1232 1250 1312 1296 num

176 1336 268 1396 recte
298 1331 459 1419 amatoriis
489 1332 649 1416 epistolia,
682 1351 818 1414 quarum
847 1329 990 1397 indolem
1020 1338 1116 1416 atque
1145 1334 1311 1398 historiam

177 1435 349 1517 hucusque
366 1437 531 1519 persecuti
550 1454 670 1518 sumus,
687 1435 749 1498 viri
769 1433 855 1499 docti
869 1436 922 1499 usi
938 1436 1004 1499 sint
1018 1435 1059 1500 ad
1074 1435 1312 1520 recuperandas

177 1536 475 1604 Alexandrinorum
505 1540 631 1625 elegias.
669 1539 738 1603 Has
766 1539 866 1621 enim,
897 1540 935 1602 ut
964 1557 1062 1622 supra
1091 1541 1311 1624 exposuimus

177 1642 265 1705 inter
279 1641 464 1707 Atticorum
479 1663 596 1707 novam
613 1640 820 1723 comoediam,
841 1640 1138 1706 Alexandrinorum
1155 1644 1312 1726 epigram·

177 1746 273 1826 mata,
301 1744 519 1810 Romanorum
542 1750 709 1829 poetarum
734 1744 862 1828 elegias,
889 1744 1055 1808 rhetorum
1079 1744 1220 1829 denique
1243 1747 1311 1830 epi-

179 1847 278 1911 stulas
291 1848 384 1931 quasi
396 1848 519 1913 medias
530 1848 733 1914 intercedere
748 1850 870 1931 putant.
896 1846 989 1924 Quod
1004 1852 1113 1912 utrum
1126 1849 1310 1914 necessario

179 1952 326 2015 sumatur
341 1971 453 2034 necne,
469 1954 557 2016 certe
569 1951 597 2016 si
610 1949 788 2016 diiudicare
800 1949 960 2031 volumuS,
972 1969 1165 2033 quaeramus
1177 1953 1311 2034 oportet,

178 2053 310 2136 quinam
329 2053 384 2117 alii
407 2053 515 2118 fontes
533 2054 619 2118 inter
637 2052 819 2118 comoedias
838 2058 871 2118 et
890 2053 1050 2137 epistulas,
1074 2055 1311 2138 epigrammata,

177 2156 397 2221 Romanorum
425 2156 546 2240 elegias
573 2155 775 2222 intercedere
802 2157 941 2240 possint,
969 2163 1018 2240 ut,
1046 2158 1074 2222 si
1100 2158 1175 2223 fieri
1202 2159 1310 2241 possit,

176 2259 266 2343 leges
283 2258 439 2343 quasdam
453 2260 547 2324 nobis
562 2262 751 2343 statuamus
768 2260 887 2343 quibus
903 2259 1020 2326 deinde
1036 2261 1071 2325 in
1087 2259 1310 2326 examinandis

178 2362 315 2446 singulis
339 2364 484 2426 virorum
508 2362 674 2427 doctorum
698 2362 865 2426 sententiis
889 2366 1026 2426 omniur.

269 2469 427 2535 Omnibus
445 2469 585 2552 quidem,
609 2470 735 2552 quires
754 2471 923 2534 amatorias
941 2473 1087 2552 tractant,
1106 2469 1197 2534 libris
1216 2488 1311 2553 quas·

178 2573 252 2638 dam
269 2574 452 2654 sententias,
468 2572 634 2655 imagines
649 2572 805 2655 loquendi
817 2573 1027 2656 proprietates
1040 2591 1228 2637 communes
1240 2591 1310 2637 esse

178 2683 211 2741 et
228 2679 341 2740 notum
360 2682 393 2741 et
411 2678 663 2754 consentaneum
682 2678 738 2740 est.
774 2675 899 2740 Harum
918 2677 946 2739 si
965 2674 1124 2758 quidquid
1147 2674 1232 2760 apud
1256 2695 1310 2740 co-

178 2779 323 2846 moediae
351 2781 523 2864 scriptores
552 2781 722 2864 reperitur,
750 2780 961 2862 Hoelzerus1)
989 2779 1029 2844 ab
1054 2780 1119 2844 illis
1142 2781 1310 2845 inventum

178 2882 259 2948 dicit
276 2886 309 2948 et
326 2883 367 2947 ad
384 2883 526 2965 reliquos
545 2884 717 2967 scriptores
735 2902 794 2967 per
809 2886 932 2948 certum
950 2881 1111 2965 quoddam
1129 2882 1309 2947 litterarum

178 3005 290 3070 genua,
314 2986 449 3068 elegiam
480 2985 561 3069 dico,
584 2992 803 3070 propagatum,
831 3006 934 3050 unum
958 2986 1065 3049 statim
1088 2986 1181 3049 initio
1206 2985 1311 3069 operis

179 3088 386 3173 praetervidit
409 3088 712 3173 comoediographos
734 3089 807 3154 illos
831 3097 864 3153 et
887 3089 1084 3172 argumentis
1108 3093 1140 3153 et
1163 3107 1310 3153 sermone

179 3193 278 3256 vitam
296 3193 399 3275 ipsam
418 3191 614 3276 expressisse
622 3194 655 3273 ²),
680 3210 762 3274 quae
780 3192 844 3255 iam
863 3194 932 3255 tum
951 3191 1090 3256 Athenis
1112 3191 1222 3256 eadem
1241 3190 1310 3255 iere

273 3368 291 3434 ¹)
309 3381 335 3434 p.
349 3365 418 3435 5sq.
438 3363 645 3420 dissertationis
665 3381 742 3420 suae.

268 3451 290 3519 ¹)
308 3449 444 3504 Conferas
461 3448 499 3516 id,
516 3448 591 3518 quod
603 3449 808 3520 Aristophanes
820 3448 975 3520 Byzantius
987 3448 1022 3504 de
1035 3447 1191 3504 Menandro
1203 3447 1311 3503 iudicat

179 3535 254 3605 apud
277 3535 429 3605 Syrianam
447 3535 561 3601 “Σχόλια
579 3534 618 3589 sic
637 3536 751 3590 crdtert’
772 3535 897 3605 (Rhetor.
918 3536 1012 3605 graeci
1031 3535 1065 3591 lv
1088 3552 1115 3605 p.
1129 3534 1246 3603 1001101
1266 3534 1309 3589 ed.

179 3621 279 3691 Walz):
304 3621 372 3674 ὅθεν
390 3619 435 3673 καὶ
456 3620 617 3688 Μενάνδρῳ
641 3626 684 3690 τῷ
708 3622 838 3675 κάλλιετα
859 3622 921 3674 τὸν
946 3619 1021 3686 βίον
1046 3620 1229 3688 μιμηεαμένψ
1253 3621 1310 3673 ἀπὸ

179 3710 239 3759 τῶν
249 3705 393 3758 τοιούτων
404 3703 432 3758 αἱ
445 3704 593 3758 duodicem
604 3709 688 3759 adcor
698 3708 943 3773 cupatupotlrrur·
955 3704 994 3760 etc
1004 3705 1038 3759 ὃν
1051 3702 1311 3772 καίἉριετοφάνηε

180 3791 403 3858 ὁγραμματικὸε
422 3789 620 3855 εὺετοχὼτατα
637 3789 716 3845 εἶπεν
735 3791 824 3845 έκεῖνο
844 3791 881 3845 ‘dr
897 3791 1047 3856 Μένανδρε
1060 3789 1106 3845 καὶ
1119 3789 1167 3857 ile,
1186 3790 1311 3856 adrepet

179 3877 224 3943 ἆρ’
242 3876 326 3942 ὑμῶν
349 3875 475 3940 πότερον
498 3873 720 3943 ἀπεμιμήεατο;’
743 3881 771 3931 et
794 3875 903 3931 Manilii
927 3875 1069 3944 caminia,
1092 3874 1311 3930 Astronomicon

180 3960 256 4032 quod
273 3959 446 4028 inscribitur,
465 3959 637 4031 vl71sqq.:

340 4057 375 4111 Et
393 4057 418 4111 si
437 4055 500 4126 quis
519 4056 614 4111 studio
633 4055 776 4111 scribendi
794 4055 888 4111 mitior
907 4055 967 4126 ibit,

342 4141 458 4197 Comica
476 4145 626 4211 componet
644 4141 727 4196 laetis
746 4141 908 4211 spectacula
926 4140 1008 4209 ludis,

341 4225 472 4282 Ardentis
491 4226 609 4281 iuvenes
627 4229 780 4296 raptasque
799 4225 829 4280 in
848 4241 944 4281 amore
962 4225 1071 4295 puellas
