3248 4910
347 347 389 410 98
774 355 810 410 II.
828 355 1050 424 Heinemann‚

455 526 562 591 Εἴδετε
582 527 641 591 τὸν
664 527 814 607 χρυςὲαιςι
837 527 1041 607 περίςκεπτον
1065 527 1242 606 Χαρίτεςςιν

497 629 666 711 Ἀντίοχον,
690 633 833 708 λιπαρῶν
857 627 996 708 ἄνθεμον
1018 629 1142 708 ἠϊθέων.

453 731 613 810 Ἀρκείτω·
636 733 664 797 τί
686 733 744 797 τὸν
767 733 847 810 ἡδὺν
871 731 1106 812 ἑπηυγάςςαςθε
1128 735 1177 798 καὶ
1200 732 1303 812 ἁβρὸν

497 832 696 916 Σταςικράτη,
718 834 846 914 Παφίης
869 834 964 913 ἔρνος
987 835 1194 916 ίοςτεφάνου;

454 937 587 1018 Καίεςθε,
610 935 766 1018 τρύχεςθε,
790 937 1026 1017 καταφλὲχθητὲ
1048 937 1122 1003 ποτ’
1137 937 1211 1018 ἤδη·

498 1039 541 1104 Οἱ
565 1039 632 1105 δίιο
656 1042 726 1121 γὰρ
750 1043 876 1121 ψυχὴν
900 1041 969 1106 οὐκ
992 1041 1036 1107 ἂν
1060 1043 1181 1108 ἕλοιτε
1204 1042 1299 1121 μίαν.

434 1155 605 1222 Praetereo
623 1157 769 1222 conferes
787 1158 902 1223 incerti
921 1160 1033 1242 poetae
1048 1159 1244 1243 epigramma
1259 1157 1393 1223 Anthol.
1410 1157 1478 1222 Pal.

345 1258 412 1324 XII
430 1245 490 1325 88:

453 1368 562 1434 Arctoi
585 1387 622 1446 με
644 1369 789 1448 τρύχουςι
811 1370 1091 1446 καταιγίζοντες
1115 1369 1239 1452 ἔρωτες,

507 1471 638 1556 Εὔμαχε,
661 1475 710 1538 καί
733 1477 847 1538 διςςαίς
871 1470 1034 1552 ἐνδέδεμαι
1057 1473 1193 1553 μανίαις·

447 1575 498 1640 Ἧι
522 1580 578 1654 μὲν
602 1575 651 1640 ἐπ’
666 1574 835 1655 ’Λεάνδρου
859 1575 952 1640 κλίνω
976 1577 1081 1657 δέμας,
1105 1577 1124 1659 ᾗ
1148 1577 1185 1639 δὲ
1206 1575 1300 1640 πάλιν
1325 1595 1378 1652 μοι

505 1677 693 1758 Ὀφθαλμδς
716 1678 800 1742 νεύει
821 1677 970 1758 Τηλέφου
994 1675 1151 1756 ὀξύτερος

450 1780 592 1862 Τμὴξατ’,
609 1779 678 1858 ἐμοὶ
700 1779 791 1844 τοῦθ’
806 1780 875 1872 ἡδύ,
901 1783 950 1844 καὶ
973 1781 1016 1847 είς
1040 1779 1210 1856 πλάςτιγγα
1233 1782 1356 1859 δικαίην

508 1883 700 1966 Νειμάμενοι,
723 1885 829 1967 κλήρῳ
852 1882 935 1963 τάμὰ
958 1883 1093 1963 φέρεςθε
1115 1885 1188 1963 μέλη
1198 1885 1232 1965 ¹).

345 2007 454 2074 Ovidii
477 2028 589 2074 versus
611 2008 712 2091 1110,
732 2009 818 2072 5-8
842 2007 982 2092 ρτίιιιιιιιι
1010 2026 1240 2092 comparemus,
1268 2007 1391 2092 quibus
1413 2010 1480 2072 tor-
1600 2023 1601 2032 ¹

344 2120 453 2178 mente
471 2117 502 2177 et
521 2113 683 2177 eruciatus
702 2110 863 2192 describit
887 2111 921 2174 in
938 2108 1056 2194 quibus
1072 2116 1227 2194 versetur,
1247 2131 1324 2177 oum
1342 2111 1479 2192 neseiat,

344 2216 448 2279 utrius
470 2214 596 2299 puellae
620 2233 761 2279 amorem
784 2213 959 2298 praeferet:

423 2332 567 2414 Utroque
590 2332 768 2414 formosest,
796 2349 949 2416 operosae
972 2330 1113 2396 cultibus
1136 2331 1265 2411 embae;

470 2433 602 2498 Artibus
625 2435 660 2498 in
684 2433 814 2499 dubiost
837 2434 916 2499 hoeo
939 2434 982 2498 sIt
1004 2453 1045 2498 un
1069 2434 1124 2498 illo
1145 2435 1242 2518 prior.

422 2537 593 2602 Pulchrior
615 2538 676 2602 heo
697 2537 792 2620 illast,
816 2538 896 2602 haee
919 2543 967 2602 est
990 2556 1119 2621 quoque
1142 2538 1308 2622 pulchrior
1330 2539 1403 2620 Πίος

467 2641 509 2704 Et
532 2641 633 2726 magis
656 2640 861 2723 moerebis,
885 2642 918 2705 et
940 2641 1041 2724 magIs
1064 2639 1120 2705 illa
1141 2640 1253 2725 placet

345 2786 420 2832 oum
443 2766 679 2850 epigrammatis
703 2765 832 2830 Anthoi
848 2765 914 2830 Pel.
931 2764 998 2830 XII
1018 2767 1070 2849 88,
1088 2768 1117 2830 3.
1132 2767 1154 2830 4
1177 2768 1210 2830 et
1232 2766 1300 2832 XII
1320 2770 1373 2850 89,
1390 2771 1420 2834 3.
1436 2771 1475 2833 4:

442 2893 495 2957 Καὶ
517 2897 554 2974 τῇ
579 2895 636 2970 μὲν
659 2893 823 2973 φλέγομαι,
846 2897 882 2975 τῇ
906 2890 936 2954 δ’
952 2892 1095 2970 ἕλκομαι·
1119 2893 1138 2976 ᾗ
1162 2891 1192 2956 δ’
1207 2891 1391 2978 ἀπονεύςω,

486 2994 642 3078 Arcturo,
666 2996 773 3080 λάβρῳ
797 2994 827 3059 δ’
843 2993 878 3058 ἐν
901 2993 976 3073 πυρὶ
998 2997 1060 3060 πᾶς
1084 2995 1249 3074 φλὲγαμαι

346 3121 458 3205 Neque
482 3121 677 3206 comparatio
701 3121 836 3186 amantis
860 3139 935 3186 oum
957 3139 1049 3203 neve,
1073 3121 1190 3186 emeris
1214 3140 1289 3186 oum
1313 3127 1411 3187 vento
1434 3121 1474 3187 ab

346 3225 396 3290 trs
415 3226 650 3311 epigrammatis
669 3225 788 3305 aliena3
807 3243 881 3288 nam
898 3223 1028 3288 Anthoi
1044 3223 1110 3288 Pel.
1127 3223 1194 3289 XII
1209 3226 1262 3308 88,
1279 3225 1298 3290 1
1319 3224 1473 3310 legimus:

530 3351 639 3417 Arctoi
662 3371 698 3430 με
720 3351 867 3432 τρύχουςι
890 3351 1170 3426 καταιγίζοντες
1192 3349 1317 3429 ἔρωτες.

347 3476 492 3542 Verbum
516 3475 727 3552 ‘neruorum’
751 3475 838 3541 enim
865 3481 914 3540 est
936 3474 1065 3540 ‘delabi’
1088 3477 1121 3540 et
1143 3474 1293 3541 ‘deicere’
1317 3496 1394 3542 oum
1415 3475 1474 3540 im·

347 3584 424 3663 petu
436 3582 468 3644 et
480 3579 519 3643 de
531 3581 627 3644 rento
640 3577 704 3643 diei
716 3578 797 3642 solet
811 3579 862 3662 (oi.
874 3576 1008 3642 Diodori
1026 3577 1053 3641 V
1068 3579 1120 3661 26,
1138 3581 1173 3642 1:
1198 3577 1353 3658 <ἅνεμοι>
1373 3599 1475 3644 καται-

346 3684 484 3758 γίζοντες
506 3682 651 3764 λάβρως).
685 3679 830 3762 Accedit,
854 3679 940 3762 quod
959 3679 1058 3743 ammi
1076 3699 1184 3745 amore
1203 3679 1382 3765 perturbati
1400 3699 1473 3746 oum

347 3784 496 3866 navibus,
528 3803 610 3866 quae
637 3785 672 3848 in
695 3787 777 3850 mari
804 3793 921 3868 errant,
949 3791 1005 3850 out
1031 3787 1138 3852 nautis
1165 3787 1346 3871 comparari
1370 3787 1476 3852 solent
1600 3849 1601 3868 ¹

347 3887 399 3968 (ei.
408 3885 557 3952 Hoelzeri
565 3886 797 3953 dissertationis
805 3910 834 3974 p.
842 3889 885 3952 49
895 3889 961 3972 οη).
978 3887 1067 3954 Nihil
1074 3887 1293 3974 igiturobstat,
1301 3890 1474 3973 quommus

348 3988 481 4053 verbum
509 3987 728 4073 ‘seremiles'a
759 3991 846 4075 quod
872 3990 908 4053 in
931 3991 1095 4056 communi
1124 3991 1302 4076 exemplari
1328 3991 1475 4058 invenie·

442 4160 460 4230 ¹)
478 4159 547 4217 Vide
564 4162 650 4218 etiam
668 4163 699 4217 λ.
710 4163 740 4219 Ρ.
753 4163 803 4218 XII
815 4164 858 4220 89.
872 4165 916 4233 90,
936 4181 1054 4235 quorum
1073 4169 1175 4234 poetae
1192 4164 1297 4236 triplici
1315 4181 1414 4222 umore
1431 4165 1474 4220 in·

348 4244 484 4300 flammati
497 4249 570 4314 sunt,
584 4247 662 4302 velut
670 4247 742 4304 alter
754 4249 812 4317 (XII
822 4248 867 4319 90)
879 4265 975 4306 amore
986 4249 1151 4319 meretricis,
1163 4249 1289 4322 virginis,
1302 4249 1383 4321 pueri
1393 4249 1472 4321 perit
