3248 4910
353 291 395 356 28
780 299 815 354 M.
834 300 1059 368 Heinamann,

351 470 441 535 illius
469 469 664 554 separandae
693 476 777 554 sunt,
806 490 887 554 quas
909 470 1072 536 Diotimus
1099 469 1231 535 Stoicus
1261 468 1346 532 odio
1376 466 1512 531 inflnm·

352 577 459 638 matus
477 573 619 658 Epicuro
638 576 816 659 supposuit
840 574 887 639 Ci.
903 573 1038 659 Diogen.
1054 573 1158 638 Laerl.
1174 573 1209 636 X
1227 573 1268 638 3:
1292 572 1459 647 Διότιμος
1478 568 1509 632 δ’
1599 649 1600 656 ¹

351 675 370 740 ὁ
390 679 530 742 Στωικὸς
553 679 713 756 δυςμενῶς
736 677 820 756 ἔχων
842 679 925 754 πρὸς
943 677 1042 742 αὐτὸν
1064 677 1242 755 πικρότατα
1267 673 1379 739 αὐτὸν
1399 673 1508 750 ὁιαβέ-
1599 689 1600 754 ι

352 783 475 861 βληκεν,
506 779 706 846 έπιςτολὰς
733 781 846 860 φέρων
876 781 1112 857 πεντήκοντα
1135 777 1313 854 ἀςελγεῑς
1341 779 1392 841 ὡς
1420 779 1507 840 Ἐπι-
1599 769 1600 792 ’

350 883 482 965 κούρου,
506 883 557 946 καὶ
579 880 598 945 ὁ
623 884 663 947 τὰ
691 883 733 948 εἰς
757 883 977 962 Χρύςιιιπον
1005 881 1234 961 ἀναφερόμενα
1260 881 1433 946 έπιςτόλια
1458 879 1507 944 ὡς

349 985 542 1064 Ἐπικούρου
574 983 736 1052 ςυντάξας.
776 985 847 1062 Quo
878 1005 921 1050 ex
943 983 1014 1050 loco
1045 983 1277 1068 cognoscimus
1309 983 1505 1067 Chrysippo

349 1106 479 1171 quoquo
503 1087 610 1152 Stoico
635 1088 789 1172 epistulas
808 1089 978 1152 amatorias
997 1086 1167 1153 attributas
1187 1106 1272 1151 esse.
1300 1085 1405 1164 Quod
1424 1105 1504 1150 con·

348 1190 459 1254 firmat
470 1189 619 1254 Clemens
631 1189 796 1254 Romanus
805 1191 836 1253 V
849 1192 889 1254 18
902 1189 962 1272 (ed.
972 1189 1115 1274 Lagarde
1128 1210 1160 1274 p.
1167 1190 1221 1272 69,
1235 1191 1293 1272 21)
1303 1193 1344 1272 ¹):
1362 1191 1504 1267 Χρύςιπ-
1599 1213 1600 1240 ι

349 1313 410 1357 πος
443 1296 479 1358 δέ
504 1292 539 1356 ἐν
571 1297 652 1357 ταῖς
683 1293 879 1371 έρωτικαῑς
910 1294 1128 1359 ἐπιςτολαῑς
1155 1295 1207 1356 καὶ
1235 1297 1296 1371 τῆς
1325 1292 1364 1356 έν
1393 1293 1502 1369 Ἀργει
1599 1279 1600 1322 ³

349 1397 475 1462 εἰκόνος
498 1398 654 1479 μέμνηται,
677 1397 759 1474 πρὸς
782 1403 828 1482 τῷ
851 1399 911 1462 rod
935 1398 1015 1462 Διὸς
1032 1397 1144 1479 αἰδοίῳ
1168 1400 1288 1478 φέρων
1311 1401 1372 1476 τῆς
1390 1397 1500 1475 Ἥρας

347 1501 385 1563 τὸ
397 1499 583 1577 πρόςωπον.
596 1498 745 1564 Ciceroni
756 1517 887 1583 quoque
899 1499 1082 1583 suppositas
1094 1517 1167 1564 esse
1177 1499 1322 1566 lascivas
1336 1499 1501 1584 epistulas

348 1600 390 1666 ad
414 1600 602 1666 Caerelliam
630 1601 745 1666 missas
774 1619 817 1666 cx
844 1601 931 1666 Fufii
960 1601 1071 1666 Caleni
1099 1601 1258 1684 oratione,
1289 1621 1377 1686 quae
1406 1600 1498 1685 apud

347 1703 484 1768 Dionem
513 1703 660 1768 Cassium
686 1703 795 1768 XLVI
820 1706 871 1786 18,
896 1707 917 1766 4
945 1703 1090 1786 traditur,
1118 1703 1302 1769 discimus:
1335 1705 1388 1769 καὶ
1417 1705 1499 1768 οὐδὲ

347 1807 468 1886 ἐκείνην
496 1807 602 1884 μέντοι
633 1809 794 1890 κατέςχες,
826 1810 881 1872 ἵνα
909 1809 1088 1886 Καιρελλίαν
1112 1807 1164 1872 ἐπ’
1192 1808 1305 1873 ἀδείας
1333 1807 1427 1890 ἔχῃς,
1454 1809 1498 1886 ἦν
1599 1815 1600 1820 ’

345 1909 486 1993 τοςαύιῳ
509 1911 722 1989 πρεςβυτέραν
746 1913 863 1975 εαυτοῦ
885 1910 984 1976 οὖςαν
1010 1911 1202 1989 έμοίχευςας,
1230 1910 1301 1993 deur
1313 1912 1497 1989 νεωτέραν

346 2015 404 2092 τὴν
427 2013 527 2092 κόρην
558 2013 682 2094 ἔγημας,
714 2014 797 2091 πρὸς
827 2014 868 2092 ἣν
895 2014 946 2077 καὶ
978 2012 1076 2089 αι’τιήν
1104 2014 1257 2077 τοιαύτας
1289 2011 1496 2078 έπιςτολὰς

346 2114 490 2196 γράφεις,
511 2115 579 2179 οἵας
597 2113 638 2178 ἂν
653 2115 805 2194 γράψειεν
824 2114 905 2194 ἀνὴρ
924 2113 1106 2191 ςκωπτόλης
1129 2113 1388 2193 ἀθυρόγλωςςος
1408 2117 1496 2193 πρὸς

345 2221 479 2292 γυναῖκα
498 2218 784 2296 έβδομηκαντοῦιιν
803 2217 1058 2295 πληιςτιζὸμενος.
1081 2215 1146 2280 Idas
1164 2216 1248 2300 legit
1267 2218 1370 2283 etiam
1386 2220 1497 2282 Auso-

345 2320 434 2402 nius,
460 2319 500 2384 cf.
528 2325 610 2384 cent
634 2325 723 2404 nupt
747 2322 768 2383 4
795 2319 857 2402 (ed.
880 2319 1021 2384 Schenkl
1047 2339 1076 2402 p.
1096 2320 1189 2399 146);
1226 2319 1275 2384 ‘iu
1308 2320 1496 2404 praeceptis

346 2422 497 2486 omnibus
517 2427 646 2487 exstare
663 2421 761 2486 Tullii
779 2421 992 2504 severitatem,
1010 2421 1045 2484 in
1065 2421 1252 2504 epistulis
1272 2424 1316 2488 ad
1338 2421 1495 2488 Caerel-

344 2523 435 2588 liam
458 2523 591 2589 subesse
610 2523 841 2608 petulantiam’.
866 2523 1067 2606 Quamquam
1085 2523 1200 2588 Cicero
1218 2524 1405 2590 Caerelliae
1426 2525 1495 2609 epi·

345 2625 447 2689 stnlas
475 2645 511 2690 rc
537 2645 614 2690 rara
637 2625 810 2709 scripsiu),
838 2631 946 2690 tamen
973 2625 1063 2690 illum
1087 2626 1122 2688 in
1151 2626 1204 2691 his
1232 2647 1289 2693 res
1319 2628 1493 2692 amatorias
1599 2691 1600 2704 ,

344 2733 498 2793 mactasse
516 2729 578 2792 viri
596 2727 715 2808 docti³l
733 2729 848 2792 merito
867 2731 994 2810 negant
1019 2727 1063 2794 Ut
1081 2727 1248 2793 Diotimus
1268 2729 1428 2815 Epicuro,
1446 2731 1493 2793 ita
1599 2739 1600 2794 l

344 2830 470 2895 inimici
498 2830 647 2896 Ciceroni
675 2831 830 2914 epistulas
864 2832 1034 2896 amatorias
1072 2830 1258 2896 calumniae
1297 2851 1402 2898 causa
1436 2831 1490 2896 ad·

344 2932 513 3015 scripsisse
537 2932 695 2998 videntur.
1284 2923 1288 2930 ’

434 3039 488 3104 dd
503 3041 731 3123 imperatorum
748 3043 884 3106 aetatem
899 3039 1115 3124 pervenimus.
1142 3039 1282 3124 Insigne
1299 3043 1489 3128 exemplum

344 3142 424 3209 editi
447 3144 658 3228 epistularum
680 3145 854 3209 voluminis
876 3147 1032 3208 memorat
1049 3143 1184 3224 Plinius,
1208 3145 1268 3227 qui
1293 3147 1350 3228 (cf.
1368 3148 1488 3231 epistu-

343 3247 409 3310 lam
431 3246 448 3310 Ι
470 3247 520 3330 16,
538 3247 570 3328 6)
594 3247 634 3311 de
653 3247 805 3332 Pompeio
824 3248 998 3312 Saturnino
1016 3250 1140 3311 narrat:
1165 3247 1258 3330 “legit
1278 3251 1367 3314 mihi
1386 3267 1489 3334 nuper

344 3349 507 3434 epistulas,
531 3369 611 3432 quas
635 3351 748 3414 uxoris
771 3369 842 3415 esse
868 3349 1013 3415 dicebat:
1042 3349 1193 3414 Plautum
1217 3351 1271 3416 vel
1298 3353 1486 3418 Terentium

343 3457 446 3516 metro
461 3451 601 3516 solutum
614 3452 679 3537 legi
693 3453 825 3518 credidi.
850 3453 939 3530 Quae
951 3454 1020 3518 sive
1034 3453 1146 3516 uxoris
1163 3457 1250 3536 sunt,
1267 3457 1308 3519 ut
1322 3455 1486 3536 adfirmat

439 3643 457 3712 ¹)
477 3642 517 3696 Cl.
534 3641 640 3708 Arnim,
658 3641 825 3711 Fragmenta
843 3643 999 3698 Stoicorum
1018 3643 1041 3698 ll
1059 3659 1086 3712 p.
1099 3643 1161 3706 314,
1180 3643 1262 3698 1072.

433 3735 456 3801 ¹)
476 3732 516 3786 Cl.
529 3731 733 3799 Quintilianum
747 3731 820 3796 V13,
834 3732 900 3787 112:
916 3733 1011 3788 ‘etiam
1024 3732 1102 3799 illud,
1119 3732 1194 3801 quod
1208 3731 1314 3790 Cicero
1329 3735 1487 3792 Caerelliae

343 3827 459 3979 δαημς
474 3861 515 3964 Cf.
528 3909 570 3964 W.
585 3911 738 3976 Drumann‚
752 3909 919 3964 Ccschichle
931 3911 1018 3965 Roma
1031 3911 1061 3965 in
1074 3911 1182 3966 seinem
1196 3899 1352 3984 Chargang
1365 3931 1426 3970 son
1438 3915 1487 3970 der

343 3999 610 4069 republikanischen
630 4015 681 4054 zur
697 3998 935 4054 monarchischen
949 3999 1128 4070 llerlassung,
1147 4000 1303 4070 1834-41,
1328 4003 1365 4058 Vl
1383 4021 1411 4074 p.
1421 4005 1486 4071 4153

255 4081 259 4094 ⁸
342 4089 459 4143 Mllnzcr
476 4089 507 4143 in
525 4088 752 4159 Encyclopaedia
764 4088 1005 4158 Pauly-wissowa
1023 4089 1058 4144 111
1075 4106 1101 4159 p.
1116 4089 1187 4144 1284
1205 4091 1262 4145 sub
1280 4107 1357 4148 voce
1375 4093 1487 4150 Caerol-
1599 4171 1600 4174 Ἰ

343 4179 399 4233 lius
419 4178 462 4232 10.
