3354 4930
339 349 381 412 24
700 353 837 422 Ludwig
856 352 1101 422 Rosenmeyer‚

338 525 468 609 aliquod
488 530 594 590 mente
614 524 828 609 supplendum
848 526 912 588 est:
934 523 1005 588 ‘hoo
1024 543 1088 588 non
1108 523 1224 588 oredis'
1245 543 1303 589 seu
1320 525 1392 588 Ἱιοα
1407 526 1466 588 im-

337 625 481 708 pugnas’.
514 624 560 688 ‘in
582 624 628 688 re’
652 630 835 707 corruptum
857 628 914 704 est,
938 621 1055 686 sedne
1075 623 1120 685 ‘in
1140 623 1185 686 se'
1205 621 1334 705 quidem
1359 642 1468 687 veram

338 723 470 807 praebet
490 723 672 804 lectionem,
696 741 795 805 quare
817 721 1091 786 Reitzensteinius
1110 724 1260 804 proponit
1278 722 1380 804 ‘nisi'‚
1405 742 1468 805 qna

339 822 524 886 coniectura
545 825 674 904 recepta
695 821 812 884 fortius
835 820 991 904 premitur
1015 819 1084 903 ‘per
1102 819 1301 885 substantiae
1324 823 1468 904 proprie·

338 925 455 989 tatem’.
484 925 602 990 Scribit
620 925 736 1008 igitur:
757 922 793 984 ςὺ
808 921 869 998 γὰρ
886 919 1196 997 ornumornum
1214 921 1352 998 νομίζειν
1368 919 1470 984 αὐτὸν

339 1019 365 1082 εί
391 1022 431 1097 μὴ
460 1020 574 1082 διὰτὸ
601 1019 683 1083 ἰδίαν
710 1020 792 1099 ἔχειν
819 1018 929 1082 οὐςίαν
951 1053 984 1076 =
1004 1042 1069 1086 non
1098 1024 1147 1086 vis
1175 1025 1261 1088 enim
1290 1041 1363 1087 enm
1392 1025 1468 1088 sub-

339 1122 513 1185 stantivum
524 1121 640 1185 habere
651 1121 713 1184 nisi
725 1139 783 1204 per
792 1122 990 1186 substantiae
999 1124 1242 1204 proprietatem3
1256 1123 1319 1186 iam
1330 1129 1469 1206 pergunt

339 1224 468 1290 codices
487 1225 534 1288 ‘ut
552 1221 654 1306 (ὥςτε)
673 1242 725 1288 res
751 1226 802 1305 (=
820 1232 913 1290 etwas
930 1225 1125 1306 Mantuam,
1149 1225 1189 1290 ot.
1203 1223 1469 1306 278ι14-43ί5)

339 1334 372 1393 et
389 1347 525 1412 persona
544 1327 702 1410 quaedam
718 1327 820 1391 videri
839 1329 941 1410 possit
959 1330 1050 1392 etita
1071 1328 1207 1411 oapiat1)
1230 1328 1393 1392 secundus
1410 1329 1468 1392 ...⁸

340 1431 456 1494 Omnia
478 1431 607 1513 egregie
631 1430 665 1492 in
685 1429 844 1494 Graecum
867 1449 1046 1494 sermonem
1067 1432 1148 1494 verti
1172 1435 1323 1514 possunt:
1349 1430 1384 1492 ςίι
1406 1429 1469 1507 γὰρ

340 1529 379 1592 οὐ
395 1529 497 1592 θέλεις
512 1528 651 1604 οὐςιιίιδη
666 1529 805 1606 νομίζειν
822 1527 921 1592 αὐτὸν
937 1528 962 1591 εἰ
978 1530 1018 1606 μὴ
1035 1531 1139 1593 διὰτὸ
1154 1530 1236 1593 ἰδίαν
1253 1531 1335 1608 ἔχειν
1348 1530 1469 1606 οὐςίαν,

340 1627 420 1690 ὥςτε
441 1621 570 1689 εἶναιτί
592 1627 642 1689 καὶ
662 1627 837 1704 πρόςωπον
859 1621 939 1690 εἶναι
961 1629 1012 1690 καὶ
1038 1626 1192 1690 δόναςθαι
1214 1625 1367 1702 δεύτερον
1388 1623 1469 1688 ὄντα

341 1719 404 1784 ἀπὸ
426 1722 503 1784 θεοῦ
526 1721 587 1783 δύο
608 1724 712 1784 ποιεῖν
726 1721 849 1799 πατέρα
869 1722 920 1784 καὶ
941 1720 1021 1795 υἱόν,
1042 1723 1118 1784 θεὸν
1135 1721 1184 1782 καί
1207 1719 1314 1795 λόγον.
1347 1720 1374 1782 τί
1395 1721 1467 1798 γάρ,

340 1816 419 1896 φῄς,
443 1813 539 1889 λόγος
561 1814 650 1890 ἐςτίν,
677 1814 703 1877 εἰ
731 1816 771 1892 μή
800 1816 896 1892 φωνὴ
925 1815 975 1877 καί
1000 1814 1035 1877 ἑκ
1061 1814 1215 1892 ςτόματος
1241 1813 1320 1893 ἠχος
1347 1817 1397 1878 καὶ
1423 1815 1468 1879 ὡς

340 1907 457 1971 εἴποιεν
486 1907 526 1970 ἂν
552 1911 777 1986 γραμματικῶν
805 1911 917 1972 παῖδες
947 1907 1009 1986 ἀήρ
1038 1909 1272 1986 πεπληγμένος,
1302 1907 1383 1988 ἀκοῇ
1411 1909 1469 1985 μὲν

340 2001 500 2078 αίςθητός,
527 2002 619 2065 κενὸς
648 2003 684 2064 δὲ
711 2003 762 2064 καὶ
788 2001 973 2081 ἀςιίιματος;
997 2001 1066 2064 ἀλλ’
1083 2001 1146 2076 ἐγὼ
1168 2001 1203 2064 ἐκ
1224 2004 1302 2066 θεοῦ
1324 2002 1418 2065 κενόν
1440 2021 1469 2064 τι

339 2097 558 2175 προφέρεςθαι
570 2095 609 2160 οὔ
622 2116 704 2174 φημι
716 2098 785 2158 καθ’
795 2092 872 2158 όςον
881 2093 940 2156 οὐκ
949 2094 1012 2157 ἀπὸ
1024 2097 1120 2156 κενοῦ
1132 2096 1383 2173 προφερόμενον
1393 2095 1469 2160 οὔτε

340 2189 450 2253 οὐςίαν
472 2189 532 2252 οὐκ
553 2189 669 2267 ἔχεινδ
692 2189 724 2253 ἐξ
746 2187 843 2264 αὐτῆς
864 2191 920 2264 τῆς
943 2186 1051 2250 οὐςίας
1072 2189 1270 2266 προφέρεται
1292 2191 1342 2251 καὶ
1363 2191 1467 2253 πᾶςαν

339 2288 423 2348 ποιεῖ
445 2285 563 2349 οὐςίαν.
592 2288 631 2350 In
654 2285 866 2370 sequentibus
885 2281 1116 2367 (awti-oto)
1141 2285 1370 2367 Kroymannus
1389 2286 1467 2350 ‘aut’

340 2385 475 2469 addidit,
504 2385 590 2469 quod
617 2386 695 2450 ferri
724 2405 788 2448 non
811 2389 929 2468 potest,
958 2383 1034 2466 quia
1062 2387 1292 2449 sententiarum
1322 2385 1468 2450 ordinem

341 2487 476 2567 deleret3
494 2488 569 2551 ‘iam
585 2488 689 2570 quate’
707 2486 848 2551 scribere
867 2505 1055 2569 possumus:
1077 2488 1204 2550 «Wenn
1221 2489 1276 2552 das
1290 2489 1468 2572 Vorherige

340 2593 499 2657 bewiesen
519 2591 570 2672 ist,
590 2611 655 2654 was
669 2591 778 2654 wiirde
795 2609 829 2654 es
846 2589 931 2653 daun
948 2589 1002 2652 fiir
1018 2590 1070 2654 ein
1085 2590 1213 2654 Unsinn
1230 2591 1309 2672 sein,
1326 2589 1386 2653 dati
1403 2617 1465 2654 ...ι

429 2695 622 2777 Priusquam
638 2695 699 2758 hoe
714 2695 784 2758 loeo
801 2713 979 2777 pergamus
996 2693 1075 2756 mihi
1088 2693 1184 2757 lineat
1195 2713 1298 2776 pauca
1311 2693 1469 2758 disserere

341 2798 380 2863 de
403 2799 486 2880 loco,
511 2818 604 2882 quem
633 2799 835 2862 laudavimus
864 2817 975 2881 supra:
1002 2798 1150 2882 Capitis
1175 2800 1207 2863 ΙΙ
1229 2796 1305 2867 23οί
1315 2799 1469 2882 1-3121,

341 2900 396 2963 nbi
420 2901 577 2984 seriptum
600 2901 752 2984 legimus:
778 2899 795 2962 ⁸.
812 2949 843 2962 ..
865 2900 941 2963 dum
965 2901 1098 2965 unioum
1119 2903 1268 2982 (aratro)
1288 2901 1384 2965 deum
1404 2922 1467 2965 non

341 3002 419 3066 alias
442 3009 533 3086 putat
556 3001 762 3084 eredendum,
786 3023 880 3086 quam
901 3003 930 3065 si
948 3003 1055 3086 ipsum
1075 3004 1278 3088 eundemque
1298 3011 1330 3069 et
1348 3011 1469 3089 patrem

341 3111 374 3170 et
395 3105 500 3168 filium
525 3111 557 3170 et
579 3105 727 3190 spiritum
752 3106 852 3184 dieat3
882 3107 974 3189 quasi
1002 3127 1066 3171 non
1096 3109 1143 3172 sio
1168 3128 1295 3190 quoquo
1321 3128 1404 3172 rrnns
1427 3110 1471 3172 sit

341 3212 455 3292 omnia,
480 3211 557 3274 dum
581 3229 622 3274 ex
647 3231 711 3274 uno
731 3211 846 3294 omnia,
869 3230 928 3294 per
946 3211 1142 3275 substantiae
1161 3211 1286 3275 scilieet
1305 3211 1470 3294 unitatem,

341 3315 373 3378 et
388 3313 598 3376 nihilominus
615 3313 813 3378 custodiatur
828 3314 1029 3378 oitonomiae
1042 3319 1286 3395 sacramentum,
1303 3333 1384 3396 (puae
1397 3315 1470 3377 nni-

341 3420 438 3480 tatem
461 3418 495 3479 in
519 3417 694 3480 trinitatem
718 3417 866 3500 disponit
890 3424 955 3482 tres
980 3417 1121 3501 dirigens
1141 3416 1268 3498 (230tl)
1291 3421 1413 3501 patrem
1437 3423 1470 3481 et

341 3519 446 3583 filium
470 3523 503 3584 et
525 3521 681 3603 spiritum,
707 3559 748 3566 -
772 3527 837 3585 tres
861 3527 1057 3586 autemnon
1081 3523 1174 3600 statu,
1199 3520 1255 3584 sed
1274 3521 1384 3602 gradu,
1409 3540 1471 3584 nec

431 3663 448 3716 6
468 3661 590 3730 dirigens
605 3687 637 3708 =
650 3664 812 3716 comendans
830 3679 887 3716 aare
899 3663 958 3729 Kr;
997 3663 1013 3716 7
1026 3663 1155 3732 spiritum
1170 3663 1225 3728 PM,
1246 3663 1375 3731 spiritum
1388 3679 1469 3718 sanc·

342 3752 400 3802 tum
413 3747 459 3801 ΡΒ
478 3747 570 3815 nutum
590 3749 702 3801 adnotat
715 3749 774 3802 Kr:
795 3749 981 3817 ‘parenthesin
993 3749 1123 3813 indicaui,
1142 3748 1190 3800 aad
1202 3751 1299 3815 ιιιεοίο,
1316 3765 1354 3799 an
1366 3748 1471 3815 dupla·

343 3833 484 3886 verborum
503 3835 623 3886 recusato
641 3835 685 3885 tric
703 3835 739 3886 ait
757 3835 946 3902 apameam·

437 3955 455 4024 ¹)
474 3955 505 4008 tn
515 3954 614 4010 tertiae
624 3954 666 4009 ed.
678 3955 742 4010 adn.
753 3955 777 4010 R
787 3957 857 4010 haec
872 3955 997 4024 scripsit:
1011 3953 1471 4024 Mutarimus‘capias-inrapiat,

343 4043 373 4093 nt
392 4039 429 4093 sit
446 4038 551 4108 ‘capiat
574 4038 717 4094 secundus
741 4055 759 4094 a
777 4040 830 4095 deo
850 4040 1019 4094 constitutus
1039 4040 1109 4094 dnos
1129 4039 1249 4095 efficere’
1262 4055 1312 4108 pro
1332 4055 1374 4104 eo,
1394 4037 1471 4109 quod

342 4127 373 4177 ut
390 4123 439 4178 fiat
458 4124 518 4178 sive
531 4123 683 4194 contingat,
703 4129 734 4179 nt
748 4167 753 4179 .
769 4163 775 4176 .
789 4167 795 4178 .
809 4125 910 4180 efficiat
923 4165 929 4179 .
944 4166 949 4178 .
965 4165 971 4180 .
991 4125 1037 4178 Sic
1050 4124 1221 4180 Graecorum
1236 4123 1471 4180 consuetudinem

342 4207 419 4262 circa
437 4223 520 4262 usum
538 4209 618 4263 verbi
637 4209 780 4274 ἐνδέχεται
798 4209 902 4263 imitari
921 4209 1000 4276 solet,
1021 4225 1103 4278 quem
1123 4211 1159 4264 ad
1178 4209 1293 4264 modum
1312 4215 1378 4265 ante
1398 4207 1471 4263 dixi·

343 4311 404 4350 mus
424 4295 519 4351 multis
537 4295 567 4350 in
586 4297 664 4352 locis.
692 4297 734 4351 R’
753 4299 783 4350 tn
801 4315 853 4365 mp.
869 4315 874 4351 :
889 4297 961 4366 Lapa
980 4297 1072 4367 capiat
1090 4295 1140 4348 hoc
1158 4302 1197 4348 eat
1215 4296 1317 4362 valeat,
1336 4293 1433 4364 possit.
