3406 4786
191 320 338 391 Epistulae
346 319 502 376 amatoriae
515 319 656 389 quomodo
665 320 837 376 cohaereant
846 336 910 376 cum
920 320 1017 391 elegiis
1026 320 1232 377 Alexandrinis.
1259 316 1322 379 109

192 493 234 557 ab
262 492 323 557 hoo
350 491 457 556 laesus
481 494 543 574 est,
571 491 715 557 mulieris
743 511 884 557 amorem
912 493 943 557 ei
971 493 1144 558 conciliare
1172 499 1322 574 conatum

192 595 312 660 mulier
334 595 466 660 mimme
489 615 508 658 a
531 594 676 659 Marathe
699 594 794 677 laesa,
823 594 881 660 sed
909 596 1052 660 nondum
1079 596 1230 680 precibus
1254 597 1324 661 eius

193 701 326 764 exorata
353 700 409 762 est
449 696 534 774 Quid
556 698 656 781 igitur
678 699 805 779 mirum,
833 698 862 761 si
889 699 923 761 in
951 700 1040 762 tanta
1062 701 1324 782 argumentorum

193 787 379 867 diversitate
405 819 528 884 paucae
551 820 672 882 eaeque
696 820 883 866 communes
906 802 1083 867 sententiae
1107 802 1169 866 sibi
1192 821 1324 886 respon·

194 906 296 970 dent?
334 903 405 968 Hae
428 909 536 967 tamen
564 904 652 986 ipsae
680 902 766 968 unde
794 904 928 968 haustae
956 906 1029 987 sint,
1053 905 1157 969 cuivis
1185 907 1323 989 apparet

192 1008 350 1074 Rhetores
378 1007 465 1071 enim
493 1006 589 1070 etiam
616 1006 651 1069 in
679 1005 958 1089 deprecationibus
986 1007 1158 1090 diligenter
1181 1013 1324 1072 versatos

193 1130 266 1176 esse
282 1110 417 1186 scimus;
435 1108 582 1173 conferas
598 1108 816 1191 Ciceronem1)
833 1108 873 1174 de
884 1110 1072 1175 inventione
1087 1110 1120 1173 Π
1136 1112 1188 1193 34,
1206 1111 1323 1193 104sq.
1345 1130 1346 1133 ¹

193 1221 227 1280 et
250 1213 484 1292 Quintilianum
501 1212 565 1276 VII
580 1214 610 1295 4,
629 1215 668 1276 17
680 1232 736 1295 sq,
760 1233 897 1295 quorum
920 1213 975 1279 ille
997 1213 1017 1277 l.
1033 1214 1053 1277 l.
1073 1213 1167 1279 dicit:
1191 1213 1324 1298 ‘Depre-

194 1319 278 1384 catio
298 1319 354 1398 est,
377 1318 412 1380 in
433 1336 497 1399 qua
519 1335 585 1380 non
604 1315 748 1380 defensio
771 1316 858 1399 iacti,
882 1315 940 1382 sed
963 1317 1192 1400 ignoscendi
1215 1323 1324 1401 postu-

194 1422 270 1485 latio
299 1419 507 1498 continetur'3
537 1419 591 1483 hic
614 1421 633 1500 ξ
657 1420 697 1482 18
727 1420 820 1501 quasi
841 1420 945 1485 τόπον
969 1421 1080 1484 affert:
1106 1420 1145 1484 'si
1173 1420 1225 1484 vel
1253 1420 1324 1486 aliis

192 1523 406 1589 incommodis
434 1523 486 1587 vel
513 1522 674 1605 praesenti
700 1523 845 1605 periculo
873 1523 925 1587 vel
952 1524 1149 1607 poenitentia
1176 1522 1324 1589 videatur

193 1628 289 1693 satis
316 1645 523 1710 poenarum
551 1624 716 1690 dedisse’
743 1627 922 1709 (compares
944 1627 1142 1691 Aristaeneti
1165 1627 1232 1691 111
1258 1628 1322 1711 cpi·

192 1730 327 1795 stulam:
345 1730 475 1806 ἱκανήν
491 1731 636 1793 δέδωκε
652 1729 779 1812 δίκην).
804 1728 950 1811 Accedit,
966 1729 1052 1812 quod
1068 1731 1103 1793 in
1119 1729 1183 1794 illis
1198 1729 1325 1813 libellis,
1380 1730 1382 1736 ’

192 1850 331 1914 quorum
354 1837 501 1895 auctores
526 1829 566 1895 de
590 1832 706 1894 natura
729 1831 885 1915 epistulae
908 1838 1020 1916 agunt,
1048 1838 1145 1916 typus
1168 1831 1324 1916 epistulae

193 1933 435 2018 deprecatoriae
451 1933 623 1997 invenitur.
648 1933 801 1998 Centoras
816 1933 974 1999 Demetrii
990 1935 1138 1999 Phalerei
1154 1935 1222 1998 XII
1236 1934 1325 2018 (Epi-

193 2036 391 2121 stolographi
415 2035 532 2100 Graeci
553 2038 619 2120 pl
644 2035 692 2101 ed.
708 2036 874 2119 Heroher),
903 2039 959 2120 qui
982 2038 1151 2122 epistulam
1175 2038 1325 2122 deproca-

194 2141 308 2205 toriam
328 2160 347 2203 a
365 2140 544 2223 precatoria
562 2158 627 2203 non
646 2144 786 2224 separat:
808 2141 844 2206 ‘0
865 2144 901 2206 δὲ
919 2143 1171 2220 ἀξιωματικός
1190 2141 1270 2207 ἐςτιν
1290 2141 1323 2206 ἐν

193 2247 294 2324 δεήςει
318 2244 460 2323 κείμενος
484 2246 533 2308 καὶ
554 2249 621 2310 ταῖς
639 2246 747 2309 αἰτίαις
770 2247 903 2311 καὶτοῖς
926 2247 1131 2324 καλουμέναις
1154 2247 1324 2311 λιτανείαις.

193 2351 288 2413 κεῖται
311 2349 348 2410 δὲ
367 2347 442 2424 μετὰ
464 2349 678 2426 παραιτήςεως
696 2348 797 2412 ἐνίοτε
821 2370 847 2413 κ.
859 2369 884 2412 τ.
898 2350 922 2413 t'.
942 2351 974 2414 et
989 2348 1141 2413 Proolum
1164 2347 1325 2413 deforma

193 2448 362 2534 epistulari
380 2448 448 2512 XII
471 2450 511 2532 (p.
532 2451 551 2512 9
575 2447 623 2512 ed.
640 2449 812 2531 Hercherl:
838 2451 1115 2531 Μεταμελητική
1140 2450 1208 2534 teu,
1233 2451 1272 2515 δι’
1288 2450 1325 2529 ἧς

194 2555 357 2629 δοκοῦμεν
373 2552 640 2634 μεταγιγνώςιςειν,
660 2552 712 2632 ἐφ’
730 2551 776 2617 olc
795 2553 1009 2633 ὑπεδεξάμεθά
1024 2577 1083 2620 τινι
1101 2556 1120 2634 ἢ
1137 2557 1186 2619 καὶ
1205 2553 1259 2634 ἐφ’
1276 2554 1323 2620 οῐς

194 2656 350 2734 ἐδόξαμεν
366 2656 566 2736 ςφάλλεςθαι.
579 2693 613 2702 -
626 2657 661 2720 Ἡ
678 2656 840 2736 ἐπιςτολή·
857 2653 936 2722 Οἶδα
950 2658 1079 2738 ςφαλεὶς
1094 2663 1198 2722 κακῶς
1212 2677 1244 2721 ςε
1259 2660 1325 2720 δια-

194 2760 343 2838 θέμενος·
368 2759 417 2822 διὸ
442 2760 615 2836 μεταγνοὺς
637 2761 695 2838 τὴν
718 2759 774 2849 ἐπὶ,
786 2766 831 2844 τῷ
851 2761 1006 2841 ςφάλματι
1029 2761 1215 2839 ςιιγννώμην
1239 2760 1324 2825 αἰτῶ.

194 2912 201 2926 .
219 2912 226 2926 .
243 2911 274 2925 ..
298 2862 419 2927 δίκαιον
437 2860 498 2939 γάρ
518 2860 579 2927 ἐςτι
602 2866 836 2939 ςυγγιγνώςκειν
858 2864 1029 2928 πταίουςι
1052 2863 1104 2945 (ol.
1121 2862 1219 2927 Arist.
1236 2863 1269 2927 H
1287 2865 1323 2927 l:

193 2964 367 3029 ἔπταιςεν
391 2964 672 3048 ὁμολογουμένως)
694 2969 759 3030 τοῖς
779 2968 887 3048 φίλοις,
913 2964 966 3029 ὅτε
986 2965 1113 3044 μάλιςτα
1137 2966 1187 3029 καὶ
1206 2965 1324 3030 (litorio
1384 3024 1387 3031 .

194 3070 376 3145 ςυγ-ενώμης
398 3071 511 3146 τυχεῖν.

284 3171 373 3234 Artis
382 3170 561 3235 rhetoricae
569 3169 750 3235 studiosum
760 3171 1131 3235 maximeAristaenetus
1139 3189 1174 3234 se
1184 3168 1336 3253 praebet·

193 3294 270 3340 oum
288 3276 398 3337 utatur
415 3277 547 3338 τελικοῐς
564 3272 628 3337 illis
648 3275 835 3355 κεφαλαίοις,
855 3292 1000 3356 quorum,
1020 3292 1102 3356 quae
1121 3271 1161 3336 ad
1176 3273 1324 3337 honesta-

192 3383 259 3443 tem
275 3380 309 3441 et
324 3375 493 3440 utilitatem
510 3378 664 3459 spectant,
679 3376 820 3440 maxime
836 3375 1116 3459 deprecationibus
1131 3380 1223 3459 aptae
1239 3377 1323 3440 sunt

192 3480 307 3562 itaque
322 3480 555 3560 Aristaenetus,
571 3484 740 3561 postquam
755 3497 891 3562 puerum
908 3479 989 3542 iram
1005 3477 1141 3561 Calycae
1157 3478 1323 3560 meruisse,

192 3582 251 3648 sed
279 3583 356 3646 satis
384 3601 559 3666 poenarum
586 3581 721 3647 solvisse
749 3585 782 3647 et
804 3582 1011 3647 vehementes
1040 3582 1203 3647 cruciatus
1226 3600 1323 3646 vexa·

193 3688 363 3768 tionesque
394 3704 524 3769 passum
547 3704 618 3750 esse
647 3685 804 3770 exposuit,
832 3684 873 3750 ad
895 3685 1074 3765 παραίνεςιν
1102 3691 1322 3770 transgressus

192 3791 303 3852 monet
324 3787 422 3852 utile
445 3806 529 3852 esse
553 3806 654 3870 puero
672 3788 847 3870 ignoscere,
871 3788 957 3871 quod
981 3789 1083 3852 Amor
1100 3788 1251 3853 mulieres
1269 3808 1323 3853 su·

192 3889 309 3976 perbas
328 3890 447 3975 puniat,
466 3889 673 3975 pulchritudo
693 3891 757 3955 cito
773 3893 890 3975 pereat,
911 3896 1062 3955 senectus
1081 3910 1189 3955 amore
1208 3896 1322 3973 careat,

193 4000 306 4077 turpe
329 3996 436 4058 autem
460 4013 531 4058 esse
554 3999 727 4058 amatorem
751 4013 840 4059 more
863 3993 1046 4059 meretricio
1069 4012 1199 4058 vexare.

286 4149 306 4218 ¹)
323 4149 470 4220 Respicias
493 4150 579 4206 etiam
598 4149 743 4205 Ciceronis
762 4150 919 4206 orationem
942 4150 1007 4219 ‘pro
1026 4147 1158 4219 Ligario’,
1177 4165 1250 4219 quae
1274 4149 1322 4206 de·

192 4235 386 4305 precationem
404 4235 538 4290 continet.
