3354 4930
203 343 390 414 Quaestiones
400 344 606 400 Tertullianeae
616 344 653 400 ad
665 343 767 400 librum
780 345 922 400 Adversus
931 346 1061 402 Praxean
1073 347 1253 416 pertinentes.
1290 342 1331 404 23

204 515 292 580 vocis
309 516 473 600 accipitur,
490 515 595 581 sedin
615 516 796 581 substantia
814 516 954 601 prolatae
973 537 993 580 a
1010 517 1071 582 deo
1090 520 1218 583 virtutis
1237 538 1333 602 agno-

204 619 383 683 scitur
411 620 487 700 (981
500 619 541 696 A)
567 638 653 683 unus
683 618 764 684 deus
793 619 974 684 ostenditur
996 639 1094 685 verus
1122 627 1156 686 et
1183 628 1332 687 aeternus

202 724 309 805 pater:
334 742 354 784 a
376 741 440 804 quo
463 721 531 786 solo
551 721 630 786 haec
649 722 699 786 vis
718 721 894 786 divinitatis
913 723 1039 805 emissa,
1064 723 1159 787 etium
1177 725 1211 786 in
1227 724 1333 788 filium

203 823 319 887 tradita
343 828 373 888 et
398 822 531 906 directa,
555 843 686 888 rursum
708 843 767 908 per
790 825 987 890 substantiae
1011 827 1270 890 communionem
1294 826 1334 890 ad

203 929 327 1010 patrem
350 926 547 990 revolvitur'.
591 926 729 1010 Egregie
757 928 853 992 otiam
881 929 921 992 ad
948 931 1094 993 nostrum
1123 929 1227 994 locum
1257 950 1335 1013 qua·

205 1029 307 1110 drant,
331 1048 414 1111 quae
436 1029 633 1112 Hippolytus
656 1031 691 1093 in
707 1030 890 1114 Philosoph.
906 1031 939 1094 X
960 1032 1001 1095 33
1027 1030 1121 1096 dicit:
1148 1027 1253 1092 Οὗτος
1275 1027 1335 1092 οὖν

206 1128 305 1207 μόνος
325 1129 471 1192 καὶκατὰ
488 1129 619 1192 πάντων
635 1131 710 1193 θεὸς
725 1131 824 1206 λόγον
837 1134 968 1208 πρῶτον
983 1130 1147 1208 ἐννοηθεὶς
1164 1131 1335 1214 ἀπογεννᾷ,

206 1229 245 1294 od
275 1231 375 1305 λόγον
404 1233 449 1295 ὼς
478 1233 609 1310 φωνήν,
637 1232 708 1294 ἀλλ’
730 1231 915 1296 ἐνδιάθετον
939 1236 999 1297 τοῦ
1027 1235 1147 1298 παντὸς
1175 1235 1334 1313 λογιςμόν.

205 1333 331 1397 Τοῦτον
353 1334 455 1412 μόνον
477 1335 509 1400 ἐξ
531 1336 637 1400 ὄντων
652 1335 781 1412 ἐγέννα·
802 1337 921 1415 τὸγὰρ
944 1337 983 1400 όν
999 1337 1096 1402 αὐτὸς
1119 1337 1138 1401 ό
1159 1340 1264 1416 πατὴρ
1285 1337 1336 1416 ἦν,

206 1437 238 1503 ἐξ
260 1437 300 1500 οὑ
321 1439 358 1501 τὸ
379 1440 543 1516 γεννηθέν.
574 1439 679 1503 Αἴτιον
699 1443 768 1504 τοῖς
783 1440 981 1517 γιγνομένοις
998 1440 1094 1516 λόγος
1108 1440 1158 1518 ἦν,
1181 1441 1215 1504 ἐν
1230 1439 1335 1522 ἐαυτῷ

207 1541 321 1620 φέρων
335 1543 373 1604 τὸ
395 1543 499 1606 θέλειν
517 1545 576 1605 τοῦ
590 1543 829 1620 γεγεννηκότος,
847 1541 911 1604 ὀὐκ
926 1541 1057 1620 ἄπειρος
1071 1547 1127 1620 τῆς
1142 1544 1337 1622 τοῦπατρὸς

207 1640 348 1706 ἐννοίας·
365 1643 430 1721 ἅμα
444 1645 506 1721 γὰρ
520 1649 566 1726 τῷ
582 1644 616 1707 ἐκ
630 1647 688 1706 τοῦ
703 1645 916 1720 γεννήςαντος
930 1647 1111 1722 προελθεῖν,
1130 1646 1336 1724 πρωτότοκος

206 1746 324 1808 τούτου
346 1746 520 1824 γενόμενος
542 1747 654 1825 φωνή,
677 1747 739 1824 ἔχει
749 1746 796 1812 ,ἐν
818 1747 922 1832 ἑαυτῷ
943 1750 1001 1812 τὰς
1023 1748 1057 1812 ἐν
1078 1754 1123 1832 τῷ
1145 1751 1239 1828 πατρὶ
1259 1769 1337 1829 προ-

208 1848 410 1924 εννοηθείςος
432 1847 528 1923 ἰδέας,
549 1847 627 1912 όθεν
648 1848 838 1911 κελεύοντος
859 1849 980 1928 πατρὸς
1000 1850 1138 1925 γίνεςθοιι
1160 1850 1279 1930 κόςμον
1299 1851 1337 1914 τό

208 1951 287 2013 κατὰ
308 1951 343 2014 ἓν
366 1952 463 2027 λόγος
485 1952 668 2014 ἀπετελεῑτο
691 1951 834 2030 ἀρέςκων
856 1957 931 2032 θεῷ.

297 2057 359 2122 Sed
383 2058 445 2121 ianr
471 2056 511 2121 ad
536 2077 603 2121 rem
631 2059 733 2140 ipsam
757 2063 928 2121 vertamur.
967 2059 1091 2120 Auctor
1118 2057 1338 2124 demonstrare

208 2159 310 2224 voluit
332 2161 443 2225 ‘unam
474 2161 674 2243 eandemque
696 2160 763 2222 vim
787 2178 857 2224 esso
880 2179 968 2223 nuno
991 2161 1025 2222 in
1049 2161 1179 2224 nornine
1208 2161 1338 2244 sophiae

208 2263 345 2326 nuncin
362 2263 572 2346 appellatione
589 2262 800 2344 sermonis’1),
816 2282 994 2327 sermonem
1012 2282 1082 2328 esse
1100 2265 1143 2326 ‘et
1158 2264 1192 2326 in
1208 2263 1339 2346 sophiae

209 2370 240 2429 et
261 2366 295 2428 iu
319 2367 453 2430 rationis
481 2373 513 2432 et
539 2367 573 2429 in
602 2367 706 2431 omnis
735 2367 838 2430 divini
866 2368 964 2430 animi
989 2373 1021 2432 et
1044 2367 1176 2450 spiritus
1201 2367 1338 2448 nomine,

210 2469 265 2550 qui
281 2468 370 2532 lilius
385 2470 491 2533 factus
507 2475 556 2533 est
572 2467 639 2551 dei,
656 2467 696 2532 de
713 2489 776 2552 quo
793 2469 981 2553 prodeundo
997 2471 1170 2552 generatus
1188 2467 1256 2532 est’.
1286 2467 1340 2532 Ad
1439 2465 1441 2470 ’

210 2571 289 2637 haec
311 2573 529 2637 adversarius:
555 2571 739 2656 concedis²)
760 2573 861 2656 igitur
878 2574 963 2655 λόγῳ
982 2591 1052 2636 esso
1069 2571 1281 2635 substantiam
1295 2608 1337 2616 —

210 2677 295 2758 quod
314 2677 445 2760 quidem
464 2678 533 2760 ipse
553 2676 757 2741 adversarius
776 2676 888 2758 negat3
915 2675 1015 2738 utitur
1032 2674 1131 2738 verbo
1152 2673 1240 2756 ‘das’,
1263 2675 1339 2757 quia

210 2785 322 2844 auctor
337 2781 390 2844 hic
406 2778 639 2862 quodammodo
656 2778 860 2842 monarchiae
877 2775 1127 2842 destructionem
1141 2778 1241 2842 infert
1251 2781 1338 2861 (oon-

210 2883 305 2965 cedit)
316 2921 369 2965 —‚
399 2902 460 2948 uae
473 2882 652 2947 substantia
669 2883 792 2946 constat
804 2900 845 2945 ex
858 2880 973 2963 spiritu
988 2877 1168 2957 (πνεύματι)
1182 2883 1215 2945 ct
1226 2881 1338 2964 sophia

208 2985 465 3066 (παραδεδομένῃ
489 2984 656 3066 comper
686 2985 901 3049 Tertullianus
919 2982 1106 3067 respondet:
1128 2983 1243 3067 ‘plane
1262 3003 1338 3047 con-

210 3091 288 3155 cedo
299 3092 379 3174 hod,
392 3091 491 3174 idque
503 3092 610 3175 ipsum
620 3088 905 3156 confirmatverbis
915 3088 1065 3152 exeuntis
1076 3087 1191 3170 capitis
1201 3084 1336 3168 (237115

211 3192 360 3276 -9123λε
377 3195 508 3278 ‘quanto
524 3195 626 3278 magis
643 3195 728 3276 quod
746 3214 786 3258 ex
803 3195 905 3277 ipsius
923 3193 1103 3256 substantia
1119 3189 1274 3254 emissum
1289 3191 1339 3252 est

211 3297 280 3363 sine
290 3297 470 3362 substantia
482 3317 547 3361 non
560 3299 643 3362 erit?
662 3315 886 3381 quaecmnque
900 3315 976 3379 ergo
989 3293 1169 3360 substantia
1181 3292 1338 3356 sermonis

209 3399 280 3479 fuit
304 3401 389 3464 illam
409 3399 480 3465 dieo
500 3419 671 3483 personam
686 3451 693 3464 .
711 3450 718 3463 .
735 3401 753 3462 .'
786 3397 890 3464 Soribi
906 3418 994 3462 nuno
1009 3417 1076 3461 non
1091 3401 1211 3480 potest:
1237 3395 1339 3459 ‘novi-

210 3521 282 3565 mus
306 3521 380 3566 enm
403 3501 638 3566 substantivum
664 3501 800 3584 habere',
828 3520 910 3584 quac
934 3499 1032 3564 verba
1061 3517 1160 3563 sensu
1183 3505 1338 3580 carerent,

210 3603 267 3668 sed
291 3603 517 3688 incipiendum
536 3610 584 3668 est
607 3605 719 3668 a‘non
739 3606 788 3668 vis
812 3602 926 3682 enim’3
951 3601 1060 3666 ‘onim‘
1080 3605 1117 3665 ut
1139 3603 1234 3686 paulo
1254 3602 1339 3665 infra

211 3706 312 3788 t'fecit
327 3707 414 3770 enirn
431 3713 463 3771 et
481 3708 551 3790 ipse
570 3725 653 3790 quae
672 3708 757 3772 facta
776 3711 853 3771 sunt
870 3725 929 3789 per
944 3703 1059 3785 illum’)
1084 3705 1128 3768 ita
1144 3710 1177 3769 et
1192 3705 1253 3770 hoc
1268 3705 1338 3770 loco

210 3810 447 3875 adversatirum
458 3810 527 3875 fere
536 3811 665 3876 videtur
677 3830 757 3893 esse,
769 3810 833 3874 nisi
844 3810 935 3892 forte,
948 3807 1034 3891 quod
1046 3811 1194 3892 praestat
1204 3808 1338 3873 verbum

301 3951 321 4020 ¹)
340 3949 379 4004 Cf.
394 3949 501 4004 Philon.
514 3950 566 4019 leg.
581 3951 694 4019 allegor.
708 3951 718 4004 l
732 3951 767 4005 όό
786 3950 814 4019 (l.
828 3965 852 4004 ο,
866 3949 876 4003 l
890 3947 933 4015 78,
951 3946 990 4016 ¹l²
1015 3947 1086 4012 αὕτη
1108 3946 1290 4012 ἐκπορεύεται
1309 3947 1340 3998 ἐκ

209 4038 261 4102 τῆς
276 4033 370 4102 Ἐδέμ,
389 4038 441 4102 τῆς
458 4039 511 4088 τοῦ
532 4039 600 4089 θεοῦ
621 4035 736 4101 coplae·
756 4036 774 4101 ἡ
794 4037 826 4090 δέ
845 4037 917 4090 ἐςτιν
936 4035 953 4086 ό
973 4036 1042 4086 θεοῦ
1062 4032 1153 4096 λόγος.

300 4120 322 4190 ²)
340 4120 383 4175 Ad
393 4120 463 4175 'das’
473 4144 507 4166 =
518 4121 669 4176 'concedis’
681 4121 767 4174 velim
781 4121 911 4175 conferas
924 4117 981 4172 Cio.
995 4117 1075 4172 Tusc.
1084 4117 1182 4186 Displ
1196 4117 1228 4171 11
1245 4115 1338 4186 (gath

211 4205 308 4261 ‘dasne
319 4208 369 4261 aut
377 4221 493 4261 manere
504 4205 615 4260 animos
623 4209 687 4275 post
696 4209 815 4260 mortem
825 4207 875 4259 aut
883 4207 973 4258 morte
983 4201 1047 4272 ipsa
1056 4200 1190 4256 interire?
1203 4201 1244 4254 Do
1253 4202 1338 4256 vero’.

301 4290 325 4360 ⁸)
343 4288 764 4360 ct.c.vl11(238111-10112):
784 4291 886 4345 ‘sermo
905 4291 1000 4343 autern
1019 4285 1119 4357 spiritu
1137 4288 1259 4341 structus
1278 4286 1337 4340 est’.
