3248 4910
123 383 278 456 Epistulae
291 384 446 440 amatoriae
459 383 601 454 quomodo
616 383 789 441 cohaereant
802 400 866 440 cum
880 384 978 456 elegiis
987 384 1192 442 Alexandrinis.
1223 379 1263 442 lt

123 575 240 640 neque
256 555 327 620 illas
349 554 588 639 similitudines,
603 575 685 639 quae
697 557 783 622 inter
794 554 978 622 comoedias
997 560 1030 622 et
1045 557 1264 623 Romanorum

79 687 82 693 ·
124 658 251 742 elegias
274 657 488 740 intercedunt,
512 677 554 724 ex
573 657 869 724 Alexandrinorum
893 659 1005 743 elegiis
1024 663 1212 744 repetemus
1232 663 1265 724 et

125 780 178 844 ea,
202 781 285 845 quae
312 763 398 828 inter
421 762 574 847 epistulas
601 763 772 828 amatorias
796 763 982 828 Philostrati
1010 765 1043 828 et
1066 763 1264 829 Aristaeneti

126 867 164 930 et
187 865 429 950 elegiographos
452 869 531 930 sunt
553 866 745 948 communia,
773 865 869 951 longe
897 865 990 931 aliter
1017 865 1262 950 explicabimus.

125 967 200 1033 Has
231 969 317 1034 enim
347 969 500 1054 epistulas
530 969 613 1033 nihil
633 989 704 1035 osse
726 969 791 1034 nisi
814 969 1062 1035 exercitationes
1086 969 1263 1035 rhetoricas

126 1071 314 1137 accuratius
338 1070 637 1137 demonstrabimus.

221 1175 288 1239 Iam
317 1175 394 1240 satis
422 1173 534 1240 videor
561 1174 759 1260 exposuisse,
787 1173 866 1258 quid
889 1175 951 1238 viri
975 1173 1061 1240 docti
1089 1173 1129 1240 de
1152 1175 1264 1260 elegiis

129 1277 372 1359 Alexandrinis,
391 1298 530 1362 quorum
552 1283 701 1344 auctores
720 1277 760 1345 de
783 1279 852 1344 suis
873 1277 1035 1342 amoribus
1054 1275 1263 1361 disserebant,

128 1375 321 1442 indicarent
356 1376 506 1462 Singulas
522 1379 638 1460 autem,
660 1397 743 1462 quae
767 1376 806 1444 de
826 1377 928 1461 elegia
946 1374 1169 1442 Alexandrina
1191 1396 1264 1460 pro·

129 1479 278 1546 tulerunt
309 1479 372 1544 riri
400 1479 497 1563 docti,
520 1482 696 1546 sententias
725 1477 912 1565 diligentins
935 1477 1167 1546 examinandas
1191 1479 1262 1546 alde

129 1583 362 1666 relinquemus.
386 1583 503 1648 Nostra
525 1583 560 1648 in
584 1603 621 1650 eo
646 1583 752 1668 opella
774 1581 1002 1664 continebitur,
1025 1585 1063 1647 ut
1086 1581 1168 1648 duos
1191 1583 1264 1648 illos

130 1686 344 1770 epistularum
357 1687 529 1772 scriptores
538 1687 769 1771 perlustramus
782 1693 822 1766 et,
833 1685 910 1769 quid
924 1705 966 1751 ex
978 1685 1044 1750 illis
1055 1686 1164 1750 minus
1177 1689 1265 1752 recte

132 1789 322 1874 collegerint
340 1791 402 1854 viri
418 1789 513 1873 docti,
529 1789 608 1874 quid
623 1789 695 1854 iuro
712 1788 892 1874 colligatur,
908 1789 1139 1854 examinemus.
1155 1788 1266 1854 Prius-

132 1914 231 1978 quam
250 1896 357 1958 autem
377 1893 438 1957 hoc
457 1892 619 1978 explicare
636 1893 839 1976 incipiamus
859 1891 899 1956 de
915 1910 1035 1977 genere
1054 1892 1264 1976 epistularum

28 2029 31 2034 Δ
132 1997 361 2062 amatoriarum
385 1995 590 2061 disseremus.
