3248 4910
367 393 408 454 56
794 399 829 454 M.
849 399 1072 468 Heiuernann,

364 569 486 652 Myusii
506 571 682 653 cuiusdam,
700 572 853 637 incensus
872 575 928 637 est.
951 571 1058 636 Pieria
1077 569 1116 634 ab
1132 577 1273 635 amatore
1293 570 1506 652 interrogata,

365 672 459 756 quale
471 671 591 738 donum
604 674 635 738 ei
649 673 920 739 iucundissimum
936 675 986 756 sit,
1001 693 1113 758 pacem
1124 674 1247 758 patriae
1264 672 1357 756 peh‘t.
1382 671 1505 748 Quam·

365 795 459 859 quam
485 775 598 841 cadem
620 777 760 842 narratio
784 777 869 862 apud
892 777 1103 842 Plutarchum
1125 775 1176 859 (de
1198 776 1375 841 mulierum
1400 775 1503 838 virtu-

363 879 459 962 tibus,
481 879 543 944 vol
559 880 592 944 Π
614 900 643 964 p.
661 881 725 944 225
746 880 794 946 ed.
810 879 1037 962 Bernardalris)
1061 885 1094 945 et
1111 879 1313 962 Polyaenum
1332 878 1432 960 (VIII
1447 880 1504 956 35)

362 982 490 1067 legitur,
520 987 627 1048 tamen
650 983 921 1050 Reitzensteinius
950 989 1047 1068 negat
1071 983 1309 1048 Aristaenetum
1340 1003 1361 1046 a
1388 1001 1500 1046 rerurn

363 1085 574 1170 scriptoribus
597 1086 753 1170 penderc;
777 1087 910 1152 minime
934 1087 1020 1152 enim
1043 1087 1158 1151 horum
1182 1085 1294 1149 stilum
1316 1083 1408 1169 apud
1432 1085 1501 1168 epi·

363 1189 604 1274 stolographum
631 1190 845 1273 agnoscimus.
883 1189 968 1255 Vide
992 1190 1087 1270 enim,
1115 1187 1274 1272 quomodo
1299 1187 1501 1252 Plutarchus

363 1298 512 1375 exponat,
533 1291 662 1375 quando
679 1292 799 1358 Milesii
815 1312 890 1357 cum
905 1291 1044 1374 Myusiis
1060 1290 1180 1356 bellum
1196 1291 1365 1376 gesserint,
1389 1309 1500 1374 quove

361 1413 480 1479 genere
499 1395 561 1459 orti
582 1395 648 1459 sint
665 1397 856 1478 amantes1),
875 1395 1097 1460 Aristaenetus
1121 1397 1233 1460 contra
1250 1394 1333 1458 nihil
1351 1394 1501 1478 proterat

362 1497 425 1561 nisi
441 1496 576 1582 Phrygii
592 1497 782 1581 Pieriosque
793 1497 932 1562 nomina
956 1497 1089 1563 Poetam
1101 1495 1217 1562 deinde
1232 1495 1298 1579 (vel
1310 1497 1497 1580 rhetorem),

361 1601 493 1664 minime
509 1619 617 1665 rerum
635 1601 822 1684 scriptorem
835 1601 965 1684 sapiunt
977 1599 1083 1682 verba,
1100 1599 1217 1683 quibus
1228 1598 1357 1683 puellae
1371 1597 1495 1664 donum

361 1701 400 1767 ab
421 1707 562 1767 amatore
579 1703 719 1786 petentis
738 1703 893 1787 pudorem
914 1702 1083 1769 describit:
1107 1705 1237 1768 τοιαῦτα
1261 1705 1320 1782 μεν
1336 1703 1356 1767 ό
1374 1705 1496 1768 δίκαιος

361 1805 507 1884 ἐραςτής·
536 1808 568 1871 ςὲ
596 1807 645 1888 δέ,
673 1805 700 1870 ὦ
728 1811 840 1872 παςιῐιν
864 1807 1091 1887 ὑπερφέρουςα
1118 1810 1278 1880 γυναικῶν
1307 1805 1414 1871 κάλλει
1443 1809 1494 1870 καὶ

360 1909 479 1992 γνώμῃ,
498 1911 554 1986 τῆς
578 1906 742 1989 εὔφρονος
765 1909 804 1974 οὐ
824 1910 1008 1988 παρήγαγεν
1028 1909 1194 1988 εὐβουλία(
1218 1907 1278 1988 οὐχ
1297 1907 1408 1990 ὅρμος,
1432 1909 1493 1988 οὐχ

361 2011 528 2094 ἑλικτῆρες,
550 2061 605 2076 ...
634 2011 681 2078 οίς
704 2011 817 2079 ἅπαςιν
839 2013 978 2093 ἀτεχνῶς
1003 2011 1191 2089 ἀγάλλεςθαι
1209 2014 1247 2077 τὸ
1267 2017 1348 2092 θῆλυ
1368 2013 1492 2092 πέφυκε

359 2114 468 2195 γένος,
492 2112 562 2178 ἀλλ’
582 2115 625 2179 είς
647 2118 709 2193 γῆν
732 2115 851 2198 ἑώρας,
875 2116 980 2194 ὥςπερ
1004 2137 1031 2181 τι
1055 2116 1281 2194 ςυννοουμὲνη.
1317 2110 1385 2180 εἶτα
1410 2115 1491 2195 ἔφης

361 2215 546 2294 ἐπιχαρίτως
560 2219 786 2297 πεφοινιγμὲνη
801 2219 859 2283 τὰς
874 2220 1004 2298 παρειὰς
1021 2219 1123 2282 καὶτὸ
1139 2217 1316 2296 πρόςωπον
1331 2219 1364 2284 ἐξ
1380 2220 1493 2284 αίδοῡς

359 2318 551 2383 ὑποκλίναςα
569 2321 618 2384 καί
637 2325 681 2403 πῇ
701 2323 757 2399 μὲν
774 2325 831 2400 τῆς
848 2321 1031 2400 ἀμπεχόνης
1047 2321 1153 2398 ἄκροις
1171 2321 1334 2387 δακτύλοις
1350 2321 1492 2401 ἐφαπτο-

359 2421 435 2500 μένη
457 2425 524 2485 τῶν
542 2427 695 2502 κροςςῶν,
719 2429 761 2506 πῇ
782 2427 822 2488 δὲ
836 2425 1089 2503 περιετρὲφουςα
1106 2426 1165 2488 τοῦ
1186 2425 1303 2489 Ζωνίοα
1321 2425 1360 2488 τὸ
1379 2423 1490 2508 ἄκρον,

359 2523 418 2588 ἔςτι
442 2527 478 2588 δὲ
502 2524 556 2590 ότε
583 2527 633 2589 καί
655 2525 823 2606 τοῦδαφος
851 2529 1120 2608 περιχαράττουςα
1146 2532 1191 2611 τῷ
1216 2529 1292 2592 ποδί
1314 2530 1427 2610 (ταῦτα
1449 2531 1489 2607 δὴ

358 2627 397 2690 τὰ
419 2629 485 2690 τῶν
509 2625 708 2706 αἰδουμένων
732 2629 767 2694 ἐν
791 2633 971 2709 διαπορήςει
999 2632 1170 2712 κινήματα),
1199 2631 1282 2710 ἔφης
1311 2631 1371 2696 οὖν
1399 2633 1490 2708 μόλις

359 2728 489 2812 ἠρεμαίᾳ
505 2734 600 2810 φωνῇ
624 2731 716 2796 act.
733 2732 877 2816 Accedit,
890 2731 977 2816 quod
989 2733 1022 2797 in
1033 2733 1100 2799 line
1113 2734 1269 2818 epistulae
1282 2735 1379 2800 etiarn
1392 2736 1490 2799 alnov

359 2830 519 2914 quoddam
544 2833 700 2898 occurrit:
725 2835 873 2901 ἐντεῦθεν
891 2839 1041 2902 τοιοῦτος
1065 2836 1193 2902 εἰκότως
1214 2837 1303 2916 παρὰ
1326 2841 1395 2903 ταῖς
1409 2839 1491 2902 Ἰωςι

359 2935 491 3013 πάτριος
520 2934 707 3016 ἐπεκράτηςε
736 2937 848 3014 λόγος·
876 2937 955 3003 'eloe
984 2959 1020 3015 με
1048 2940 1272 3019 παραπληςίως
1300 2938 1320 3002 ό
1345 2941 1489 3004 ςύνοικος

358 3039 488 3118 τιμήςειε
510 3040 568 3118 τὴν
597 3039 748 3124 ὁμόζυγα,
781 3041 885 3121 ὥςπερ
918 3041 936 3106 ό
966 3043 1107 3120 Φρύγιος
1134 3045 1192 3121 τήν
1221 3045 1323 3120 καλήν
1350 3045 1490 3123 τετίμηκε

256 3155 264 3177 ·
357 3139 510 3219 Πιερίαν’.
548 3143 655 3225 Atque
679 3142 730 3208 his
754 3143 885 3228 quidem
910 3142 950 3209 de
974 3144 1080 3210 causis
1098 3143 1374 3210 Reitzensteinius
1395 3145 1489 3210 etiam

358 3243 443 3308 hano
470 3243 650 3328 epistulam,
679 3265 761 3328 quae
790 3247 858 3311 sola
884 3252 1011 3331 praeter
1033 3247 1107 3312 110
1136 3247 1176 3311 ad
1199 3249 1402 3330 antiquitatis
1425 3267 1491 3313 me-

358 3346 664 3430 moriamrolertur,
688 3348 780 3431 quasi
804 3349 1013 3433 paraphrasin
1036 3368 1108 3415 esse
1132 3349 1315 3433 suspicatur
1338 3350 1490 3415 carminis

359 3469 400 3514 ex
422 3451 526 3515 Actiis
550 3451 737 3516 Callimachi
760 3452 896 3536 repetiti.

449 3551 608 3630 Quoniam
627 3555 704 3618 satis
723 3555 913 3638 exposuisse
932 3555 1012 3618 mihi
1028 3553 1148 3637 videor,
1168 3555 1330 3637 quomodo
1346 3557 1490 3621 Aristae-

359 3657 453 3719 netus
476 3655 510 3718 in
535 3653 663 3720 duobus
685 3655 859 3742 generibus
883 3657 1082 3738 narrationis,
1112 3676 1195 3740 quae
1218 3675 1318 3742 supra
1340 3679 1360 3722 a
1383 3677 1418 3723 se
1442 3677 1491 3723 se·

359 3754 588 3838 separavimus
612 3759 757 3820 versatus
780 3757 830 3839 sit,
854 3760 887 3821 et
909 3775 950 3820 ex
970 3755 1119 3839 qualibus
1136 3755 1283 3820 fontibus
1301 3759 1490 3841 argumenta

360 3857 579 3921 narrationum
606 3857 759 3940 hauserit,
788 3878 876 3923 nunc
898 3858 969 3922 illas
997 3857 1161 3942 epistulas,
1193 3858 1312 3941 quibus
1341 3859 1489 3944 epistolo-

359 3959 499 4043 graphas
522 3959 584 4024 alia
603 3959 709 4025 studia
731 3959 895 4026 rhetorum
919 3962 1062 4026 imitatus
1082 3964 1138 4044 cst,
1160 3964 1345 4028 tractemus.
1376 3964 1489 4028 Pmso

359 4063 504 4146 popoeiis
520 4061 676 4145 quaedam
692 4063 797 4127 statim
815 4063 1075 4129 adnumerandus
1091 4069 1175 4147 sunt,
1190 4063 1281 4129 velut
1299 4065 1316 4129 I
1330 4067 1369 4129 17
1389 4065 1488 4130 oratio

359 4162 437 4226 ficta
461 4163 677 4230 adulescentis
700 4165 881 4248 cuiusdam,
910 4168 966 4250 qui
989 4185 1130 4232 amorem
1156 4165 1282 4250 puellae
1305 4165 1488 4232 fastidiosae

452 4307 472 4374 ¹)
482 4305 619 4375 Phrygius
629 4306 704 4376 apud
717 4323 781 4362 eum
793 4321 852 4362 non
864 4323 923 4376 rex,
935 4306 1072 4364 sedunus
1085 4321 1101 4362 e
1113 4307 1288 4378 principibus
1302 4308 1425 4365 civitatis
1438 4311 1486 4364 est
