3248 4910
368 339 411 400 34
793 343 829 396 M.
849 343 1074 409 Heinemann,

367 516 584 598 alloquuntur,
618 515 754 580 formam
789 515 1001 598 epistularum
1033 512 1231 579 adhibuisse.
1278 513 1372 578 llihi
1415 522 1530 576 autem

368 619 498 702 elegiae,
521 624 558 682 ut
576 616 733 702 Lygdami
749 617 799 682 111
815 618 874 700 3¹),
898 636 962 681 non
988 617 1145 702 epistulae
1170 635 1241 682 esse
1261 616 1446 696 ridentur,
1473 614 1529 679 sed

368 741 541 804 Sermonae,
566 740 647 804 quos
675 720 844 803 soliloquia
867 721 1026 804 appellare
1049 722 1161 805 possis.
1195 721 1265 786 'lali
1295 723 1332 784 in
1364 739 1530 785 sermone

367 831 406 890 ut
422 825 566 890 Tibullus
586 825 613 900 (Ι
630 825 659 905 3,
676 823 731 908 92)
754 823 913 906 Corcyrae
932 824 1065 888 relictus
1088 822 1223 905 Deliam,
1248 824 1293 886 ita
1318 823 1527 907 Lygdamus

368 928 526 994 Neaeram
553 927 719 992 absentem
746 927 921 1010 alloquitur
945 927 981 989 in
1005 927 1065 990 hac
1093 927 1203 1010 elegia.
1234 927 1377 991 Rectius
1408 929 1526 990 autem

369 1033 535 1117 Bhrgerus
552 1033 591 1097 de
610 1031 768 1115 Lygdami
786 1031 836 1095 ΙΠ
856 1033 874 1094 5
895 1033 926 1096 et
941 1031 1101 1115 Propertii
1120 1029 1169 1094 ΠΙ
1187 1031 1238 1112 20,
1261 1033 1378 1094 1-10
1400 1032 1525 1114 elegiis

369 1136 513 1201 iudicare
541 1135 682 1216 videtur,
707 1154 781 1199 cum
812 1133 891 1198 dicit
914 1133 969 1198 illa
999 1135 1142 1198 carmina
1166 1134 1320 1217 epistulas
1352 1153 1444 1198 esse.
1484 1133 1522 1197 ln

368 1240 480 1324 primis
501 1239 656 1318 centenae,
676 1238 753 1320 quid
776 1239 827 1301 vir
842 1237 956 1302 doctus
977 1235 1017 1301 de
1038 1237 1197 1320 Propertii
1217 1236 1339 1318 11120,
1364 1240 1523 1318 1-109)

370 1342 520 1406 disserat:
550 1341 604 1404 ‘In
628 1342 696 1404 20a
723 1341 850 1406 wendet
876 1342 945 1406 sich
969 1341 1109 1424 Propera
1136 1361 1177 1404 an
1204 1343 1276 1404 eine
1306 1360 1372 1404 von
1407 1342 1520 1404 ihrem

370 1444 550 1510 Liebhaber
568 1444 752 1508 verlassene
769 1444 899 1526 Person,
916 1444 1015 1509 deren
1028 1444 1058 1508 N
1059 1463 1151 1509 amen
1171 1463 1208 1508 er
1223 1443 1315 1508 nicht
1331 1451 1453 1525 nannt,
1479 1445 1520 1506 da

370 1567 405 1612 es
422 1547 512 1611 nicht
528 1547 667 1628 Cynthia
682 1547 733 1628 ist,
753 1545 820 1611 und
838 1546 932 1612 bittet
949 1567 1003 1611 um
1021 1546 1199 1631 Erhhrung.
1223 1546 1290 1611 Der
1307 1546 1517 1612 Schiussvers

371 1649 421 1713 ‘in
442 1652 569 1713 nostros
593 1669 695 1730 curre,
720 1648 836 1733 puella,
858 1649 956 1714 toros’
981 1651 1066 1733 aeigt
1083 1669 1154 1731 uus,
1179 1649 1240 1714 dass
1265 1649 1322 1714 das
1342 1649 1515 1716 Mhdchen

370 1753 512 1818 entiemt
534 1754 584 1834 ist,
608 1752 669 1816 dass
689 1754 750 1815 wir
769 1753 839 1817 hier
859 1753 926 1816 also
947 1753 1023 1817 heiu
1047 1752 1220 1836 Gesprttch,
1243 1752 1388 1818 sondern
1411 1755 1513 1819 einen

370 1856 463 1920 Brief
475 1855 597 1920 haben’.
617 1855 697 1920 Rem
710 1861 746 1918 ut
758 1856 870 1939 paucis
886 1855 1057 1938 absolvam,
1074 1875 1148 1920 cum
1164 1855 1250 1940 apud
1267 1876 1381 1920 omnes
1393 1860 1512 1940 poetas

371 1995 415 2006 —
432 1958 578 2042 Sapphus
595 1959 718 2023 sufficit
736 1959 921 2023 meminisse
938 1996 983 2008 -
998 1963 1067 2022 tum
1087 1957 1172 2042 apud
1191 1959 1442 2044 elegiographos
1464 1961 1513 2023 iu·

371 2062 547 2126 veniuntur
571 2062 712 2126 carmina
740 2061 831 2143 quasi
860 2059 966 2126 media
993 2062 1078 2125 inter
1101 2061 1310 2144 epistularum
1339 2081 1451 2146 genus
1480 2070 1512 2127 et

370 2163 622 2247 soliloquiorum.
648 2162 711 2228 Sed
730 2162 887 2228 eiusmodi
908 2165 1038 2248 elegiae,
1060 2167 1098 2228 ut
1120 2165 1287 2229 rhetorum
1313 2165 1431 2229 erotici
1451 2166 1509 2238 1111,

372 2266 412 2331 de
431 2265 548 2349 quibus
569 2286 666 2350 supra
685 2267 908 2349 disseruimus
932 2267 1088 2350 epistulae
1104 2267 1258 2351 appellari
1278 2287 1343 2332 non
1360 2275 1509 2352 possunt,

372 2390 447 2435 cum
470 2373 582 2454 poetae
606 2370 694 2434 nuho
718 2370 812 2434 modo
836 2370 987 2452 aequasi
1011 2370 1188 2435 scribentes
1210 2370 1379 2435 inducant.

460 2473 558 2538 Nunc
585 2473 625 2536 ad
648 2473 718 2537 illas
743 2473 861 2557 elegias
886 2473 1084 2555 devenimus,
1116 2473 1233 2556 quibus
1257 2473 1451 2558 Propertius
1476 2481 1507 2538 et

371 2575 508 2640 Ovidius
535 2575 658 2659 puellas
682 2576 878 2640 amatoribus
907 2576 1059 2659 epistulas
1082 2577 1244 2641 mittentes
1272 2576 1422 2660 fingunt3
1453 2578 1507 2640 ille

371 2698 468 2742 unam
489 2678 658 2762 epistulam
679 2677 835 2742 eiusmodi
860 2679 1071 2762 componebat
1096 2678 1154 2761 (IV
1173 2681 1217 2761 3),
1247 2699 1309 2761 qua
1335 2679 1506 2744 mulierem

371 2778 540 2862 quandam,
561 2780 613 2844 cui
632 2799 751 2844 nomen
766 2781 928 2845 Arethusa
947 2787 1003 2863 est,
1027 2781 1067 2844 ad
1087 2781 1242 2863 Lycotam
1262 2781 1424 2863 maritum,
1449 2783 1503 2865 qui

372 2882 413 2947 ad
438 2883 556 2948 bellum
579 2883 743 2967 profectus
768 2887 824 2966 est,
848 2885 1042 2950 scribentem
1066 2885 1158 2962 iacit3
1191 2883 1327 2948 Ovidius
1350 2905 1504 2970 magnum
1600 2951 1601 2968 ,

371 3005 543 3051 numerum
554 2987 773 3070 epistularum,
784 3008 863 3071 quas
876 2988 1027 3053 heroicae
1039 3007 1057 3052 e
1067 2987 1185 3051 fabulis
1198 2987 1341 3070 antiquis
1349 2990 1503 3070 repetitae
1600 3015 1601 3040 r

371 3091 485 3155 amatis
500 3091 640 3174 mittunt,
656 3091 814 3176 fingebat;
832 3094 941 3176 itaque
957 3093 1040 3157 liber
1051 3093 1260 3177 epistularum
1277 3095 1503 3157 amatoriarum

371 3197 482 3278 postea
507 3194 687 3260 ‘Heroides’
708 3197 885 3280 inscriptus
909 3201 966 3263 est
1003 3196 1089 3274 Quas
1112 3196 1265 3280 epistulas
1287 3197 1449 3281 Propertii
1474 3201 1504 3261 et

372 3297 480 3362 Ovidii
492 3301 826 3382 praeexercitamenta,
839 3301 871 3364 id
885 3303 934 3366 est
944 3301 1201 3385 prosopopoeiae,
1214 3319 1284 3364 esse
1297 3300 1502 3365 manifestum
1600 3301 1601 3310 ’

373 3407 430 3466 est.
449 3401 572 3466 Eodem
588 3403 681 3467 modo
698 3403 794 3468 facile
810 3407 860 3468 est
875 3405 1004 3487 cognitu
1022 3403 1226 3487 Propertium
1241 3403 1501 3487 prosopopoeiam
1600 3473 1601 3476 ¹

372 3504 534 3568 infinitam
550 3505 720 3588 (ἀόριετον)
739 3543 781 3552 -
802 3527 874 3570 nam
892 3507 1053 3571 Arethusa
1071 3509 1103 3571 et
1119 3505 1258 3588 Lycotas
1277 3507 1409 3570 nomina
1427 3507 1501 3571 ficta
1600 3489 1601 3572 i

372 3613 450 3672 sunt
479 3645 535 3690 -,
565 3607 717 3672 Ovidium
741 3609 985 3692 prosopopoeiae
1009 3608 1119 3672 finitas
1148 3608 1346 3689 (ὡριεμὲναε)
1376 3627 1501 3692 compe
1600 3595 1601 3630 ἶ

373 3711 507 3793 suisse⁸)
528 3710 614 3792 (vide
638 3713 911 3795 suprap.18,1).
939 3714 1095 3796 Apparet,
1119 3711 1182 3776 nisi
1205 3711 1312 3793 failor,
1336 3713 1401 3775 iam
1424 3731 1499 3776 aero

463 3889 485 3958 ¹)
504 3889 620 3944 Hermes
639 3888 675 3944 to
694 3889 786 3960 (1905)
806 3906 832 3960 p.
846 3889 907 3944 321.

464 3980 485 4048 ¹)
502 3979 618 4034 Hermes
637 3978 674 4033 10
692 3978 784 4049 (1905)
804 3996 829 4048 p.
843 3980 896 4034 325
906 3995 947 4049 sq.

463 4069 485 4138 ι)
502 4068 531 4123 Si
551 4067 669 4140 respicis
688 4069 864 4138 Propertium
884 4075 912 4124 et
931 4067 1062 4126 Ovidium
1080 4069 1110 4124 io
1129 4069 1249 4124 diversis
1268 4069 1421 4140 generibus
1439 4085 1498 4139 pro·

373 4153 542 4222 sopopoeiae
568 4159 696 4209 versatos
720 4171 795 4222 esse,
822 4169 871 4208 cur
896 4155 1033 4224 Propertii
1059 4169 1173 4210 carmen
1196 4153 1359 4208 heroidibus
1381 4154 1498 4209 Nasonis

374 4238 513 4293 recentius
532 4239 641 4306 credas,
661 4240 731 4294 nihil
747 4245 797 4294 est.
817 4239 958 4310 Bilrgerus
971 4240 1046 4296 enim
1064 4239 1122 4309 (‘De
1140 4237 1232 4296 Ovidii
1249 4240 1408 4294 carminum
1426 4255 1498 4295 ama·
