3248 4910
377 317 419 380 58
806 325 843 379 M.
861 324 1082 394 Heinemann‚

376 496 480 561 lebret
499 498 694 562 meretrices.
718 495 767 561 Ita
782 495 799 560 Ι
813 497 853 561 12
870 495 1040 580 Pythiadis
1062 500 1093 562 et
1108 496 1396 581 pulchritudinem
1413 493 1524 560 laudat

377 604 410 664 et
436 619 551 681 mores,
576 599 632 682 qui
660 599 709 662 illi
736 600 969 683 respondentes
992 601 1161 665 meretrice
1188 599 1280 683 digni
1307 619 1378 664 non
1403 603 1523 680 sunm).

468 707 550 772 Cum
572 726 631 791 per
648 726 683 772 se
702 707 877 772 verisimile
901 709 944 770 sit
966 707 1208 792 elogiographos
1229 708 1410 789 Romanos,
1435 707 1464 770 si
1488 709 1522 770 in

376 811 573 876 carminibus
600 812 724 896 puellas
746 811 893 893 laudant,
921 819 1167 895 praeceptorum
1189 811 1438 875 rhetoricorum
1461 811 1524 872 im-

375 933 534 980 memores
553 935 619 978 non
637 915 747 996 fuisse
765 913 861 978 facile
880 913 1079 997 explanatur,
1100 914 1187 997 quod
1206 934 1282 978 cum
1303 913 1520 997 epistularum

375 1016 586 1101 scriptoribus
609 1017 663 1082 hic
682 1017 750 1082 illic
769 1018 983 1082 consentiunt.
1015 1017 1084 1080 Iam
1103 1016 1248 1080 diximus
1267 1017 1521 1081 Aristaenetum

375 1120 479 1203 (112),
499 1123 535 1184 ut
552 1120 692 1204 puellam
710 1117 827 1202 laudet,
847 1138 952 1183 mores
967 1120 1055 1184 illius
1075 1139 1148 1184 cum
1165 1119 1417 1204 pulchritudine
1434 1139 1522 1183 eom-

375 1243 496 1306 parare.
526 1222 617 1288 Idem
635 1223 773 1306 legimus
789 1221 873 1306 apud
893 1221 1051 1305 elegiacos
1063 1223 1234 1305 Romanos,
1251 1222 1344 1287 velut
1362 1221 1521 1286 Ovidium

375 1329 485 1391 Amor.
502 1326 551 1390 III
570 1329 620 1408 11,
636 1328 678 1389 41
689 1345 752 1408 sq.:

449 1457 518 1520 Aut
539 1457 678 1520 formosa
701 1455 787 1520 fores
810 1455 926 1536 minus,
950 1455 1135 1519 autminus
1158 1455 1316 1539 improba,
1341 1455 1481 1521 vellem:

510 1559 581 1624 Non
605 1559 684 1623 facit
707 1557 747 1621 ad
770 1575 876 1622 mores
900 1563 966 1620 tam
989 1557 1072 1622 bona
1095 1557 1198 1622 forma
1222 1557 1335 1622 malos,

375 1697 431 1753 aut
454 1690 524 1752 Art.
541 1690 614 1752 Am.
630 1687 680 1750 111
696 1687 777 1752 501:

510 1817 655 1882 Pertinet
677 1815 718 1880 ad
740 1816 857 1881 faciem
879 1815 1008 1880 rabidos
1032 1835 1238 1900 compescere
1262 1836 1384 1881 mores,

374 1955 430 2014 aut
441 1949 645 2033 Propertium
656 1947 751 2027 1124,
766 1948 815 2011 18.
840 1946 921 2011 Cum
933 1947 969 2010 in
981 1945 1155 2012 comoediis
1167 1946 1287 2010 similia
1301 1947 1519 2012 inveniantur

375 2089 418 2098 —
433 2051 581 2117 conferas
594 2049 762 2114 Menandri
776 2068 889 2114 versus
901 2049 1116 2132 (Comicorum
1128 2049 1317 2114 Atticorum
1331 2049 1519 2133 fragmenta

374 2156 435 2219 vol.
452 2155 502 2218 III
525 2175 554 2239 p.
573 2156 645 2236 191,
663 2156 726 2218 645
751 2153 800 2218 ed.
818 2153 935 2235 Kockl:

566 2282 667 2348 Ὅταν
691 2285 784 2363 φύεει
808 2284 844 2346 τὸ
868 2283 986 2347 κάλλος
1010 2283 1157 2364 ἐπικοεμῇ
1180 2281 1304 2359 τρόπος

573 2385 720 2467 Χρηετὸε,
746 2385 914 2449 διπλαείωε
938 2383 956 2448 ὁ
981 2385 1122 2462 προειὼν
1147 2381 1310 2448 ἁλίεκεται.

372 2518 514 2584 Terentii
537 2517 688 2582 Heauton
711 2515 929 2581 Timorumeni
953 2536 981 2579 v,
1001 2516 1138 2597 381sq.:

426 2646 548 2730 Edepol
572 2653 613 2728 te,
637 2665 708 2710 mea
731 2644 905 2728 Antiphila,
928 2643 1024 2708 laudo
1049 2649 1081 2708 et
1103 2644 1301 2708 fortunatam
1325 2645 1453 2727 iudico,

426 2749 466 2814 Id
486 2769 583 2831 quom
605 2747 766 2828 studuisti,
785 2747 840 2810 isti
858 2747 980 2812 formae
998 2753 1036 2811 ut
1059 2765 1164 2810 mores
1185 2747 1376 2813 consimiles
1397 2749 1511 2813 forent.

466 2931 484 3000 ¹)
506 2913 641 2987 (leniores
664 2927 844 2998 Alciphronis
866 2927 931 2983 138
953 2928 997 2998 (lll
1011 2928 1043 2982 11
1057 2927 1141 2997 Sch.),
1164 2927 1233 2997 3sq.
1260 2929 1432 3000 epistulam,
1457 2947 1510 3000 qua

372 3021 491 3078 Bacchis
504 3026 614 3076 mortua
627 3019 773 3074 laudatur:
786 3019 885 3085 τὸγὰρ
897 3019 1094 3085 θρυλούμενον
1106 3017 1163 3071 ὑπὸ
1178 3017 1307 3086 πάντων,
1319 3021 1361 3074 ὼε
1375 3021 1508 3086 πονηραί.

374 3109 414 3162 ὼε
427 3109 545 3172 ἅπτεται,
565 3107 606 3159 ὡ(
618 3107 692 3171 πρὸ(
704 3106 738 3157 τὸ
752 3103 888 3157 δυειτελὲε
903 3103 1052 3168 βλέπουεαι
1067 3103 1165 3170 μόνον,
1185 3103 1226 3155 ὼε
1239 3103 1284 3158 ἀεὶ
1295 3108 1350 3156 τοῦ
1370 3106 1509 3166 διδδντοαΙ

374 3195 414 3248 ὼε
432 3191 510 3245 τίνοε
528 3192 582 3256 γὰρ
603 3190 655 3242 οὐκ
678 3189 761 3242 olrici
786 3190 873 3240 κακοῦ
896 3189 957 3240 soit
981 3186 1190 3256 ἐντυγχάνοντι,
1210 3189 1349 3255 διαβολὴν
1370 3191 1508 3244 ἐπέδειξεν

373 3278 420 3344 ἐφ’
438 3277 541 3342 ἑαυτῆ(
565 3277 678 3328 ἄδικον·
703 3274 781 3326 οὕτω
802 3274 875 3338 πρὸ(
893 3273 947 3338 τὴν
970 3271 1069 3334 κοινὴν
1089 3272 1269 3338 βλοεφημίαν
1288 3281 1331 3343 τῷ
1352 3275 1418 3341 hilei
1437 3291 1507 3342 παρ-

373 3361 508 3416 ετάξατο.
524 3402 529 3413 .
544 3402 551 3414 .
565 3401 570 3413 .
589 3361 629 3414 ὼε
642 3361 766 3426 χρηετδν
776 3357 847 3424 iidoc
861 3357 913 3410 οὐκ
923 3356 961 3412 etc
975 3356 1130 3422 εὐδαίμονα
1140 3356 1201 3422 βίου
1215 3357 1386 3424 προαίρεειν
1396 3360 1507 3424 δαίμων

372 3449 414 3501 ττε
442 3447 600 3512 ὑπήνεγκεν
630 3449 658 3500 el
676 3444 848 3500 Aristaeneli
866 3445 941 3500 112;
968 3445 1114 3512 ἐφήδοματ
1139 3449 1201 3500 acic
1226 3447 1350 3512 τρόπον(
1378 3447 1410 3500 εὖ
1437 3447 1508 3510 μάλα

373 3531 567 3598 ευμπρέποοει
584 3536 619 3598 τῇ
642 3535 760 3598 μορφῇ·
780 3529 892 3596 ἑταίρα(
913 3531 1037 3596 μὲνγὰρ
1057 3530 1199 3596 ἡΠυθιὰε
1213 3531 1308 3596 εἱδηχε
1330 3530 1401 3598 βίον,
1422 3530 1506 3584 bold

372 3633 445 3682 τητα
464 3616 496 3668 δὲ
515 3615 664 3680 εὑμφυτον
683 3615 740 3680 ἔχει
758 3613 803 3668 καί
821 3614 971 3679 ἄμεμπτον
983 3614 1062 3681 ἦθοε.
1083 3614 1194 3668 ἅπαντα
1209 3617 1262 3680 τὴ(
1275 3615 1386 3670 τάξεως
1399 3614 1507 3681 βελτίω,

372 3700 417 3754 καί
437 3700 525 3754 αὐτόν
546 3715 579 3764 με
600 3700 715 3764 μάλιετα
732 3701 822 3766 ᾕρηκε
838 3705 880 3768 τῷ
901 3699 1006 3768 ἀκάκψ.
1026 3701 1123 3766 δῶρον
1143 3701 1167 3754 δ’
1182 3700 1199 3754 δ
1217 3717 1245 3753 τι
1264 3703 1308 3770 δῷ
1328 3715 1372 3754 τι(
1392 3702 1506 3758 ἐπαινεῖ

373 3786 426 3851 οὺχ
451 3785 544 3850 ιίτεπερ
569 3783 667 3850 ἑταίρα
689 3788 746 3838 πᾶν
767 3787 802 3838 τὸ
826 3785 978 3850 διδόμενον
1002 3787 1119 3852 (μικρὸν
1143 3785 1299 3852 ἡγουμένη.
1330 3787 1448 3842 Talibus
1472 3803 1505 3842 ex

371 3869 503 3924 laudibus
516 3869 639 3938 pendere
652 3868 763 3924 videtur
777 3869 956 3924 Philodemus
968 3870 1021 3939 (ep.
1032 3870 1046 3924 1
1057 3870 1100 3925 ed.
1109 3869 1217 3939 Kaibel,
1231 3870 1344 3926 hnthol.
1356 3873 1417 3927 Pal.
1426 3873 1507 3941 vlo).

373 3953 422 4022 qui
435 3959 538 4022 tamen,
553 3953 627 4024 quod
640 3953 669 4008 in
682 3953 738 4008 illis
750 3953 937 4023 simplicitatis
950 3959 1001 4022 est,
1021 3955 1169 4011 calliditati
1184 3956 1298 4024 tribuit;
1319 3957 1353 4011 cl.
1369 3975 1396 4012 ν.
1410 3958 1507 4028 ison:

967 4061 992 4098 α.
1017 4045 1107 4098 πδεου
1128 4045 1252 4114 raptem

464 4133 486 4196 β.
509 4133 608 4200 Μηδέν
630 4149 676 4198 μοι
695 4131 844 4200 προδίδου.
883 4151 908 4187 α.
927 4138 1016 4187 τοῦτο
1036 4136 1126 4190 ξένον.
1164 4137 1187 4200 β.
1207 4136 1266 4189 ἀλλ’
1282 4137 1351 4190 δεον
1370 4139 1407 4190 ἄν
1427 4154 1470 4193 (οι

567 4222 734 4288 Κοιμηθέντι
754 4225 833 4290 δοκῇ,
852 4227 940 4276 τοῦτο
960 4225 1018 4278 bric.
1056 4242 1081 4278 α.
1102 4225 1155 4278 οὐκ
1173 4227 1283 4280 ἀδικεῖς.
