3096 4924
245 376 442 444 Quaestiones
463 377 579 432 criticae
598 377 627 430 in
646 377 841 447 Aristophanis
861 375 978 431 tabulas.
1121 368 1183 430 103

73 567 158 612 rocem
180 551 233 626 ἕνη
258 549 521 614 consideremus.
553 550 655 627 Quam
679 551 836 636 Bergkius
864 553 897 612 et
919 546 1101 626 Meiuetrius
1127 547 1184 628 ἕνῃ

72 653 240 734 scripserunt
254 657 391 716 auctore
406 653 446 716 G.
460 653 645 720 Hermanno
661 656 701 720 ad
714 655 868 738 Vigerum
884 672 913 736 p.
927 653 1001 731 837,
1014 651 1069 732 qui
1086 649 1186 714 verba

71 755 115 831 ἢδη
128 756 352 832 πεπρὲεβειικατ
368 758 406 820 τὺ
424 760 538 823 πολιὸς
555 759 602 823 ὢν
618 761 689 842 ἕνῃς
711 759 759 822 sic
774 757 888 821 Latine
907 753 1027 819 reddit:
1050 752 1187 816 “Iamne

72 857 142 940 legati
163 875 295 922 munere
319 859 458 923 iunctus
488 865 536 943 tu,
567 864 622 944 qui
650 860 802 946 perendie
829 877 930 924 canus
958 857 1077 937 eris?”,
1109 873 1183 920 curn

71 961 189 1024 adderet:
213 961 319 1045 “'Evp
336 963 516 1046 legendum
533 965 566 1028 in
583 965 738 1046 hocloco,
760 966 781 1028 i.
798 983 823 1028 e.
848 961 1008 1047 perendie.
1033 959 1123 1040 Nam,
1149 964 1185 1022 ut

72 1065 116 1128 boc
140 1063 235 1128 obiter
258 1084 422 1147 moneam,
452 1069 525 1132 ἕνοε
551 1075 600 1132 cst
622 1069 829 1149 novissimus,
858 1065 956 1147 idque
985 1063 1025 1128 de
1055 1062 1107 1126 die
1135 1063 1184 1125 sic

71 1167 220 1248 sotadici,
241 1175 277 1232 ut
296 1171 465 1233 crastinus
491 1171 693 1255 intelligatur,
714 1170 867 1255 perendie
891 1169 1021 1232 iuturus
1046 1165 1183 1230 novissi·

70 1272 150 1334 mus”.
172 1271 359 1337 Secundum
386 1271 423 1336 G.
440 1273 663 1339 Hermannum
687 1276 786 1356 igitur
808 1271 888 1336 illud
911 1273 966 1355 ἕνῃ
990 1269 1183 1334 Germanice

70 1373 243 1458 '‘utebsteus
267 1376 370 1441 bald''
397 1377 588 1442 vertendum
612 1385 696 1444 esset
719 1383 756 1441 ut
777 1377 926 1441 Latinum
951 1371 1181 1457 “propediem”

70 1477 221 1544 aTercntio
236 1479 456 1560 (chtontim.
472 1481 545 1562 160,
562 1483 635 1562 868,
654 1481 713 1546 Ad.
727 1482 804 1562 888)
820 1479 954 1560 aliisque
971 1474 1183 1558 scriptoribus

71 1589 239 1664 usurpatum.
259 1582 445 1647 Fritcschio
463 1587 575 1648 contra
586 1585 619 1646 in
637 1587 806 1648 comment.
819 1581 859 1646 ad
876 1581 931 1646 Ra.
941 1582 983 1644 48
1000 1599 1028 1663 p.
1043 1579 1084 1642 21
1103 1576 1182 1640 illud

70 1685 113 1766 ἕνῃ
118 1687 247 1766 graviter
259 1685 404 1768 negandi
417 1687 482 1748 vim
493 1686 643 1751 babuisse
652 1687 790 1768 videtur,
801 1691 837 1750 ut
846 1683 1056 1776 vernaculum
1067 1680 1182 1744 ‘'tiber-

71 1789 207 1868 uorgeu”.
231 1788 351 1870 Neque
378 1807 457 1853 vero
482 1793 565 1854 stare
588 1793 723 1874 possunt
739 1790 919 1854 Hermanni
938 1787 990 1852 vel
1013 1783 1180 1850 Fritzsohii

70 1893 237 1970 suentium
250 1911 396 1974 namque
409 1893 534 1956 notioni
547 1893 693 1958 vocabuli
707 1895 781 1958 ἕνοτ
791 1895 979 1976 repugnant
1000 1888 1094 1966 Quod
1106 1905 1181 1952 curn

70 1993 132 2054 nihil
152 1995 232 2058 aliud
256 1996 429 2078 significet
457 1996 517 2059 nisi
542 1995 692 2060 Latinum
717 1995 863 2060 “senex''
891 1994 944 2076 (cf.
968 1991 1182 2058 Meisterhans

69 2117 90 2178 p.
104 2099 160 2173 86),
177 2097 284 2163 facere
301 2119 367 2162 non
385 2117 526 2182 possum,
543 2101 623 2182 quin
640 2100 792 2164 adunam
813 2118 854 2163 ex
871 2097 980 2161 multis
996 2096 1179 2160 criticorum

71 2201 237 2266 cruieoturis
261 2203 434 2282 refugiam.
463 2201 718 2266 Probabilissima
741 2207 827 2266 certe
851 2205 899 2264 est
919 2197 1103 2264 lecuwenii
1127 2195 1182 2260 illa

70 2303 106 2364 ῶν
123 2305 221 2386 πάλαι,
245 2307 369 2388 quippe
398 2323 482 2387 quae
509 2307 618 2369 sensui
646 2307 809 2390 aptissima
831 2305 881 2368 sit.
914 2301 1181 2384 Palaeographice

70 2407 153 2468 rubin
164 2407 317 2471 facillima
329 2415 379 2471 est
395 2407 558 2489 Blaydesii
575 2410 710 2472 mutatio
730 2410 776 2474 ὢν
796 2409 875 2486 ἀνὴρ
895 2407 928 2470 iu
945 2404 1027 2470 Add.
1045 2410 1077 2468 et
1093 2402 1179 2466 Gerr.

70 2509 160 2584 pres
181 2510 228 2573 sic
256 2509 406 2574 defensa:
439 2509 646 2593 “Exciderat‚
674 2512 801 2594 opiner,
831 2512 864 2574 in
896 2509 1038 2592 margine
1066 2506 1181 2570 detrita

72 2609 163 2674 ultima
183 2613 274 2678 litera
299 2616 389 2678 vocis
414 2615 505 2696 ἀνὴρ,
528 2615 573 2678 ito
596 2618 632 2679 ut
655 2621 779 2678 tantum
803 2617 863 2692 ἀνη
880 2615 1069 2696 superesset
1096 2609 1180 2674 rmde

70 2722 124 2776 orta
143 2716 352 2800 corruptela''.

141 2817 176 2880 In
196 2839 224 2882 r.
241 2822 305 2884 843
326 2819 400 2884 οὐδ’
418 2821 664 2898 ἐναπομόρξεται
682 2822 801 2897 Πρέπις
812 2822 869 2897 τὴν
882 2818 1121 2898 εὐρυπρωκτίαν
1133 2836 1180 2882 cor

69 2919 85 2975 8
105 2919 191 2986 tabet
208 2923 466 3002 ἐναπομόρξεται,
490 2923 575 3006 qued
595 2924 692 2988 schol.
712 2923 827 3008 legisse
847 2923 983 3002 videtur,
1007 2921 1063 3004 qui
1083 2921 1181 2984 inter-

68 3027 192 3101 pretatur
214 3025 460 3106 tvoaopricerm,
484 3027 689 3104 ἐναπομάξει;
717 3027 842 3092 Rcett.
866 3025 955 3090 codd.
979 3023 1180 3100 ἐξομόρξεται

69 3127 209 3206 praebent
232 3129 383 3194 Dubitari
406 3133 527 3214 nequit
552 3132 632 3214 quin
655 3151 729 3196 cum
745 3132 833 3196 Pers.
851 3131 942 3196 Ribb.
958 3127 1067 3194 Elmsl.
1083 3127 1181 3192 Mein.

69 3227 294 3312 ἐναπομὸρξεται
322 3235 531 3298 retinendum
561 3235 603 3298 sit
632 3241 743 3299 contra
772 3235 972 3312 ἐξομόρξεται
1001 3229 1180 3312 Blaydesio,

68 3327 226 3416 Dindoriio‚
244 3335 317 3399 aliis
333 3336 514 3419 probatum.
525 3415 528 3422 Ι
538 3337 639 3401 Cuius
654 3338 744 3402 verbi
761 3321 997 3421 praepositione
1018 3336 1050 3401 ἐξ
1066 3351 1181 3396 versus

70 3433 245 3502 obscenitate
268 3439 430 3522 privatum
457 3441 669 3523 compositum
693 3460 769 3505 vero
793 3440 1040 3519 ἐναπομόρξεται
1065 3471 1108 3482 -
1132 3441 1181 3498 est

70 3541 143 3602 enim
163 3543 315 3608 irrumare
334 3581 377 3588 —
398 3544 518 3628 optime
542 3545 618 3608 huic
640 3545 710 3609 loco
735 3546 894 3610 convenit.
924 3543 1012 3619 Quae
1037 3559 1110 3605 cum
1135 3541 1181 3602 ita

70 3659 99 3704 se
119 3643 255 3728 habeant,
279 3647 460 3728 genitivum
488 3667 543 3711 tou
572 3647 606 3710 in
633 3647 701 3711 fine
724 3667 787 3711 vss.
811 3667 829 3710 a
851 3646 991 3709 librariis
1014 3643 1073 3708 ΒΑ
1099 3641 1180 3705 male

71 3763 118 3824 pro
138 3767 178 3812 tor
195 3751 420 3833 transcriptum
441 3749 492 3832 (of.
509 3749 550 3814 de
570 3770 615 3815 cor
634 3756 667 3816 et
687 3771 742 3816 roo
761 3749 965 3814 commutatis
984 3747 1024 3810 ad
1040 3745 1096 3810 Ra.
1113 3745 1179 3808 890

71 3865 94 3928 p.
112 3851 155 3928 14)
176 3851 408 3936 repudiandum
432 3871 502 3918 esse
521 3871 578 3936 per
600 3872 634 3918 se
657 3857 751 3936 patet.
775 3853 796 3916 8
815 3853 915 3934 igitur
937 3851 1024 3914 solus
1039 3848 1180 3932 genuina

72 3954 166 4016 comici
188 3956 282 4020 rerba
305 3956 555 4034 ἐναπομόρξεται
570 3991 614 4002 -
630 3977 677 4021 cor
700 3957 825 4040 integra
847 3955 994 4020 servavit.

145 4057 178 4120 ln
200 4079 227 4123 v.
242 4061 308 4124 850
332 4061 493 4142 scriptura
515 4058 537 4122 8
556 4061 605 4124 est
623 4059 692 4123 οὐδ’
709 4061 814 4137 ὥςπερ
834 4057 1021 4138 ὁπανηρότ,
1047 4075 1120 4120 oum
1144 4055 1180 4118 in

75 4153 271 4245 Rceterisque
286 4162 457 4228 codicibus
473 4161 542 4226 οὐδ’
560 4163 803 4243 ὁπεριπόνηροτ
815 4163 1005 4226 inveniatur.
1021 4157 1180 4224 Particula

76 4261 129 4323 otb’
142 4263 177 4328 ab
187 4266 363 4331 editoribus
376 4265 482 4330 deleta
493 4270 629 4331 metrum
641 4268 845 4348 concinnum,
858 4266 1048 4349 perspicuus
1064 4269 1179 4328 sensus
