2918 4814
217 362 260 425 86
639 365 735 421 Josef
751 365 924 432 Albertus,

216 559 342 623 rosque,
353 540 430 603 lieet
442 538 652 603 dominationi
665 538 788 602 alienae
799 539 991 620 sanguinem
1003 537 1214 616 οοιιιιιιοάοιιί,
1224 528 1357 602 diutins

216 646 324 707 tamen
338 644 437 706 hostis
450 663 544 725 quam
562 662 680 726 serven,
692 641 759 706 fide
776 647 808 707 et
828 641 958 705 adiectu
978 641 1083 704 teneri
1100 640 1223 722 putetis.
1242 643 1347 705 tei‘1'0r

217 768 255 812 οο
277 749 382 811 metus
405 750 483 810 sunt
509 745 639 808 infirma
661 743 769 809 vinela
792 746 949 823 caritatis;
978 762 1061 827 quae
1085 743 1144 807 ubi
1167 728 1337 807 removeris,
1424 740 1458 797 ,Ξι

216 850 273 932 qui
284 851 397 914 timere
410 848 574 930 desierint,
586 846 693 911 odisse
705 848 869 931 incipient.
886 846 956 911 Dass
968 845 1019 911 die
1030 844 1211 909 rimisehen
1220 844 1338 927 finger
1404 905 1406 909 ,
1429 875 1445 901 s

216 953 259 1015 im
273 952 380 1016 Heere
397 951 454 1015 des
468 951 627 1014 Antonius
643 970 683 1013 zu
700 948 855 1014 Octavian
873 948 1103 1014 iiberzulaufen
1123 951 1245 1032 geneigt
1255 929 1339 1011 sind,
1434 964 1447 986 ⁷

217 1059 325 1122 machi
338 1057 488 1121 letzterer
502 1057 537 1118 in
549 1056 656 1119 seiner
667 1053 797 1119 Anrede
812 1074 872 1118 vor
882 1055 1012 1117 Aetium
1025 1051 1170 1136 geltend:
1188 1039 1341 1113 ensinio
1441 1072 1449 1079 ’

217 1165 251 1248 L,
265 1167 348 1247 27,ss
365 1166 481 1243 νομίζω
499 1167 535 1228 δὲ
551 1163 661 1244 ἔγωγε,
678 1161 725 1225 δτι
746 1163 796 1225 καί
817 1160 933 1226 πάντες
950 1161 979 1224 οἱ
1000 1165 1124 1224 πολῖται
1140 1161 1226 1237 ἡμῶν
1243 1161 1348 1221 τούτθ
1422 1238 1423 1241 ¹
1447 1178 1452 1215 ς,

216 1275 407 1353 ποιήςουςιν,
420 1273 525 1350 ὥςπερ
537 1273 617 1335 ποτὲ
632 1270 681 1334 καὶ
696 1271 865 1350 πρότερον,
882 1267 935 1333 ὅτε
950 1268 985 1331 ἐκ
999 1272 1059 1332 τού
1072 1268 1248 1346 Βρεντεείου
1258 1262 1351 1343 πρὸ(
1455 1303 1456 1310 1

172 1429 173 1433 ,
216 1383 274 1458 τήν
292 1381 440 1444 Γαλατίαν
460 1381 514 1461 ᾔει.
539 1380 627 1458 μέχρι
647 1382 704 1456 μὲν
725 1379 785 1455 γάρ
801 1379 986 1455 πλουτήςειν
1005 1375 1184 1440 ἀκινδύνως
1204 1376 1356 1451 ἤλπιζον,

217 1490 268 1552 καὶ
296 1488 379 1565 μάλα
407 1487 535 1565 ἀςμενοί
561 1507 641 1550 τινες
668 1486 755 1568 αὐτῷ
785 1488 934 1562 ςυνῆςαν·
964 1484 1114 1562 μάχεςθαι
1138 1486 1175 1546 δὲ
1198 1485 1234 1559 δή
1260 1481 1358 1558 πρὸ(
1436 1468 1439 1544 ζ

216 1597 298 1675 ἡμᾶς
308 1597 383 1660 τούς
398 1593 586 1674 ὁμοφύλους
601 1593 681 1671 ὑπὲρ
693 1598 758 1656 τῶν
771 1595 873 1670 μηδὲν
889 1591 969 1670 ςφίςι
983 1593 1221 1672 προςηκὸντων,
1238 1589 1362 1653 ἀλλιυ(
1443 1603 1444 1606 ’

216 1724 250 1767 τε
273 1702 323 1766 καὶ
346 1703 417 1769 ἐξὸν
437 1702 544 1765 αὐτοῖς
565 1701 668 1765 ἀδεῶς
687 1703 742 1765 ςὺν
758 1701 830 1779 ἡμῖν
846 1699 896 1763 καὶ
915 1703 1063 1764 ςῶζεςθαι
1083 1699 1134 1762 καί
1153 1697 1363 1774 εὐδαιμονεῖν
1452 1768 1453 1771 ¹

218 1806 277 1869 οὐκ
300 1805 506 1882 ἐθελήςουςιν.
1454 1858 1455 1906 ,

309 1910 336 1971 5.
360 1906 432 1971 Nur
454 1927 512 1970 aus
533 1905 773 1988 Verzweiilung
798 1904 949 1987 kimpfen
973 1901 1024 1966 die
1049 1902 1171 1967 Feinde
1194 1903 1245 1965 fiir
1271 1902 1367 1965 eine

217 2011 261 2073 im
286 2029 401 2074 voraus
426 2010 591 2075 verlorene
615 2010 725 2074 Sache.

308 2113 372 2177 Das
386 2113 494 2198 bringi
503 2114 659 2198 Gylippos
670 2134 728 2177 vor
739 2133 842 2198 gegen
855 2113 907 2177 die
920 2111 1065 2177 Athener
1077 2131 1135 2174 vor
1147 2110 1370 2175 derzweiten
1453 2159 1454 2166 ,

218 2216 426 2282 Seesehlaeht
450 2217 503 2281 bei
526 2217 686 2299 Syrakus:
712 2215 1004 2297 Thu0.V11,67‚4
1027 2215 1064 2277 τὸ
1090 2213 1120 2276 δ’
1137 2213 1376 2292 ἀληθὲςτοτολ

216 2325 341 2396 γνῶτε.
359 2370 365 2383 .
383 2371 389 2383 .
406 2320 676 2399 ὑπερβαλλόντων
691 2321 751 2398 γάρ
773 2320 880 2383 αὐτοῖς
897 2321 963 2382 τῶν
975 2321 1083 2381 κακῶν
1103 2317 1154 2381 καὶ
1171 2317 1326 2396 βιαζόμεν
1338 2319 1381 2363 (λ

217 2428 350 2505 ὑπὸτῆς
373 2427 533 2506 παρούςης
553 2428 687 2506 ἀπορίας
707 2429 740 2492 ἐς
763 2427 919 2491 ἀπόνοιαν
943 2426 1162 2503 καθεςτήκαςιν
1186 2423 1224 2487 οὐ
1248 2444 1312 2501 παρ
1320 2428 1388 2474 61·

218 2534 328 2613 ’ςκευῆς
346 2536 575 2614 πίςτειμάλλον
591 2538 717 2616 ἢτύχης
733 2537 995 2600 ἀποκινδυνεύςαι
1013 2533 1119 2598 οὕτως
1131 2533 1220 2598 ὅπως
1234 2535 1339 2597 δύνει
1347 2535 1395 2577 ‘V‘

217 2663 275 2724 ται,
287 2642 330 2707 ἵν’
342 2644 360 2721 ἢ
374 2645 551 2723 βιαςάμενοι
564 2643 771 2709 ἐκπλεύςωςιν
788 2646 807 2722 ἢ
823 2644 901 2707 κατὰ
916 2647 976 2720 γῆν
990 2643 1067 2722 μετὰ
1086 2647 1183 2706 τούτο
1198 2645 1255 2720 τήν
1271 2642 1334 2705 ἀπ’
1367 2640 1401 2683 4

218 2754 352 2828 χώρηςιν
368 2754 529 2833 ποιῶνται,
546 2752 590 2816 ῶς
605 2757 671 2816 τῶν
682 2772 718 2827 γε
730 2749 900 2830 παρόντων
917 2751 976 2815 οὐκ
992 2749 1033 2813 ἀν
1044 2751 1223 2828 πράξαντες
1235 2747 1406 2828 χεῑρςῢν·

218 2858 298 2936 πρὸς
321 2858 382 2922 οὐν
403 2858 530 2925 ἀταξίαν
550 2880 583 2924 τε
602 2862 751 2938 τοιαύτην
775 2859 826 2923 καὶ
843 2859 941 2936 τύχην
960 2857 1090 2935 ἀνδρῶν
1115 2859 1231 2934 ἑαυτὴν
1249 2876 1347 2933 παρν
1385 2857 1410 2898 ⁰·

127 3014 128 3017 ι
219 2968 395 3029 δεδωκυῖαν
410 2965 662 3044 πολεμιωτάτων
674 2966 753 3050 ὀργῇ
769 2968 1013 3046 προςμείξωμεν,
1030 2967 1079 3029 καὶ
1092 2965 1270 3041 νομίςωμεν
1286 2961 1414 3040 ἀμία

220 3076 277 3150 μὲν
301 3076 520 3150 νομιμώτατον
544 3070 620 3138 είναι
644 3080 707 3139 κτλ.
725 3111 767 3120 -
784 3072 857 3137 Den
875 3074 1006 3138 wahren
1027 3072 1105 3154 Μυί,
1130 3071 1186 3134 das
1205 3067 1415 3145 γενναῑῤον

219 3173 299 3238 oder
326 3174 378 3239 die
407 3176 564 3240 niassvolle
588 3177 731 3261 Haltung
757 3178 793 3240 in
822 3177 925 3242 Gliiek
953 3176 1021 3240 und
1048 3176 1213 3259 Ungliiek‚
1242 3177 1416 3242 unffi

219 3278 365 3342 scheidet
395 3280 453 3342 mit
480 3279 764 3362 psychologischer
787 3280 919 3345 Sohirfe
946 3280 1076 3345 Flavius
1100 3280 1258 3364 Iosephus
1288 3278 1414 3341 vam

219 3377 278 3443 der
308 3379 547 3464 Tollkiihnheit,
581 3382 643 3447 den
677 3385 831 3449 ἀπονοίας
863 3384 966 3462 πάθη;
996 3383 1074 3447 Bell.
1102 3383 1173 3447 lud.
1198 3384 1260 3466 ΙΠ,
1284 3363 1413 3446 448

304 3489 335 3552 αἱ
358 3491 394 3553 δὲ
422 3491 592 3569 ύπὲρογκοι
622 3493 768 3570 δυνάμεις
798 3491 854 3572 ὐφ’
877 3493 999 3556 ἑαυτῶν
1029 3492 1221 3570 βλάπτονται
1251 3493 1307 3556 πλὲ
1373 3490 1411 3536 ὒν

219 3598 238 3674 ἢ
263 3601 328 3660 τῶν
360 3599 529 3676 πολεμίων.
555 3599 715 3662 Ἰουδαίων
741 3603 798 3677 μὲν
822 3599 881 3663 οὐν
901 3599 997 3676 τόλμα
1021 3599 1071 3662 καὶ
1092 3600 1208 3676 θράςος
1228 3600 1364 3677 ἡγεῑι(
1379 3599 1409 3656 αλ

220 3705 375 3768 ἀπονοίας
401 3705 496 3783 πάθη,
526 3708 604 3769 κατά
632 3709 688 3782 μὲν
714 3707 771 3770 τὰς
800 3706 969 3785 εὐπραγίας
999 3704 1129 3788 εὔτονα,
1159 3706 1410 3785 ςβεννύμιὛίῑ

220 3812 314 3875 δὲέν
342 3812 510 3891 ἐλαχίςτοις
536 3813 719 3893 ςφάλμαςιν.
748 3815 837 3891 ἡμῶν
863 3817 898 3876 δὲ
921 3813 1016 3891 ἀρετὴ
1044 3814 1093 3877 καί
1121 3814 1273 3878 εὐπείθεια
1299 3792 1415 3873 14(ῑῖ

219 3919 256 3982 τὸ
272 3924 430 4002 γενναῖον,
447 3921 465 3984 ὃ
487 3921 545 3986 κάν
561 3926 625 3986 τοῖς
647 3922 851 4000 εὐτυχήμαςιν
868 3922 994 3999 ἀκμάζει
1011 3922 1069 3985 κάν
1084 3925 1149 3986 τοῖς
1171 3923 1298 3996 πταίςμα
1327 3920 1420 3969 (Ν

222 4028 261 4091 οὐ
284 4029 372 4107 μέχρι
391 4029 503 4093 τὲλους
523 4030 698 4108 ςφάλλεται.
718 4028 845 4092 Ebenso
862 4028 917 4108 VI,
938 4031 979 4092 39
1000 4030 1039 4091 τά
1060 4031 1116 4107 μὲν
1137 4030 1197 4107 γάρ
1218 4026 1430 4105 ἡμὲτΞΡ(1

220 4133 393 4213 πταίςματα
408 4139 464 4213 τῆς
480 4138 640 4201 Ἰουδαίων
659 4137 740 4200 ἐςτίν
756 4137 917 4217 ἀπονοίας,
937 4138 975 4199 τά
993 4136 1022 4200 δ’
1040 4138 1171 4201 ἐκείνων
1186 4135 1267 4212 πάθη
1281 4119 1436 4194 τώ(

221 4244 256 4304 δὲ
280 4242 441 4321 ὑμετέραις
466 4243 590 4321 ἀρεταῖς
614 4244 663 4306 καί
686 4248 752 4308 ταῖς
776 4246 835 4308 τού
861 4246 938 4308 θεοῦ
963 4244 1133 4322 ςυνεργίαις
1158 4242 1280 4308 αὔξεται.
