3236 4920
342 357 383 421 72
762 363 859 419 Josel
876 363 1047 432 hibertus,

341 537 596 620 Schriftgattung
606 536 849 620 entsprechend.
863 536 931 600 Ver
940 536 1013 600 dem
1019 535 1137 620 Kampf
1146 535 1481 600 mitAriovistberuft

341 658 378 703 er
399 639 469 703 sich
493 639 550 702 auf
572 638 625 702 die
648 639 716 702 ihm
739 639 1011 723 eigentdmlicheu
1034 639 1266 702 militarischen
1284 639 1480 720 Tugeuden,

342 741 401 806 der
417 743 527 825 virtus,
544 741 718 826 diligentia,
734 744 920 808 innocentia
936 743 1001 807 und
1018 743 1171 807 felicitas:
1188 743 1268 807 Bell.
1281 742 1359 806 Gall.
1376 743 1401 824 I,
1417 744 1481 817 40,

341 847 362 908 4
383 849 440 909 aut
458 867 517 910 cnr
535 845 574 911 de
592 866 651 911 sua
671 848 788 912 virtute
806 849 863 912 aut
882 847 922 911 de
940 849 1040 930 ipsius
1057 847 1224 931 diligentia
1240 847 1480 931 desperarent?

341 951 547 1034 Verweigere
575 952 630 1014 das
654 950 743 1016 Heer
769 951 835 1014 ihm
859 950 999 1033 (Caesar)
1022 951 1085 1015 den
1109 952 1294 1032 (iehersem,
1322 971 1358 1014 so
1382 959 1481 1035 trage

341 1071 378 1117 er
403 1051 500 1118 daran
533 1054 623 1119 nicht
657 1055 796 1118 Schuld:
820 1056 872 1136 40,
901 1055 941 1118 12
973 1057 1056 1120 scire
1087 1057 1187 1136 enim,
1219 1055 1481 1137 quibuscunque

342 1159 504 1222 exercitus
522 1158 606 1222 dioto
622 1159 758 1223 audiens
775 1179 839 1223 nou
855 1159 963 1241 fuerit,
983 1162 1039 1222 aut
1054 1160 1137 1223 male
1152 1179 1188 1224 re
1203 1161 1293 1242 gesta
1308 1159 1482 1222 fortunam

342 1258 493 1343 defuisse,
524 1265 581 1325 aut
609 1262 717 1345 aliquo
748 1262 892 1326 facinore
920 1263 1072 1344 conperto
1103 1262 1268 1326 avaritiam
1296 1279 1367 1326 esse
1396 1249 1481 1324 con-

341 1363 475 1442 vietom;
504 1383 596 1428 suam
618 1366 837 1429 innocentiam
864 1372 1019 1449 perpetua
1046 1367 1120 1447 vita,
1143 1366 1330 1431 felicitatem
1354 1363 1482 1428 Helve-

341 1467 459 1529 tiorum
478 1467 562 1531 bello
581 1487 652 1532 esse
671 1472 877 1552 perspectam.
903 1507 945 1516 -
970 1468 1103 1533 Wieder
1121 1471 1193 1533 eine
1212 1468 1331 1531 andere
1351 1467 1483 1532 (lestolt

341 1569 457 1632 nimmt
480 1569 538 1633 der
556 1573 668 1649 εεμνὸε
687 1571 785 1646 λόγος
803 1591 853 1652 an,
877 1591 972 1634 avenn
992 1570 1050 1636 der
1067 1570 1223 1636 Feldherr
1241 1571 1330 1635 seiae
1351 1569 1480 1634 Person

431 1796 456 1850 3.
477 1796 573 1863 poca:
594 1797 622 1866 a)
642 1797 782 1860 tdrporoc,

592 1881 620 1951 h)
640 1885 745 1948 ψυχῆς,
764 1881 868 1936 dassen
888 1881 1010 1949 εὐφυίαν
1029 1882 1172 1938 beweisen

641 1968 670 2037 α)
689 1967 852 2034 ἀνατροφή,

642 2054 668 2124 β)
688 2054 808 2117 cathelo,

640 2139 668 2206 γ)
688 2139 904 2205 ἐπιτηδεύματα.

431 2223 456 2278 4.
477 2225 599 2292 πράξειε,

431 2310 456 2363 5·
476 2309 558 2375 τὺκη,
651 2347 654 2355 2

431 2395 456 2449 6.
477 2394 613 2460 εὺγκριειε
631 2393 706 2460 πρὸ(
726 2393 797 2458 ὕλην
814 2393 868 2459 τὴν
887 2393 1029 2459 calesco,

432 2481 457 2534 7.
478 2482 594 2546 θρῆνοι.

432 2565 510 2619 Noch
520 2565 610 2619 nlther
623 2563 665 2618 als
678 2563 730 2618 das
745 2563 918 2618 rhetorische
928 2563 1049 2617 Schema
1059 2561 1109 2617 des
1119 2563 1204 2627 λόγος
1217 2563 1479 2630 ἐπιτάφιοεείεὴεῃ

342 2649 406 2704 dem
432 2651 531 2713 εεμνὸε
562 2649 647 2712 λόγος
674 2665 793 2702 unserer
816 2647 1038 2702 Feldherrnrede
1058 2647 1103 2701 die
1122 2647 1339 2718 husldhrungen
1362 2649 1480 2704 Ciceros

342 2734 411 2786 ilber
435 2733 480 2786 die
505 2733 680 2802 Ttlchtiglreit
703 2733 752 2787 dos
776 2733 925 2802 Pompeius
949 2733 987 2786 im
1005 2731 1030 2786 3.
1044 2731 1103 2786 Teii
1127 2733 1177 2786 der
1196 2733 1273 2787 Rede
1298 2735 1338 2787 De
1358 2734 1478 2804 imperio

342 2819 392 2874 Cn.
403 2819 531 2890 Pompei:
544 2819 580 2873 29
590 2820 689 2888 'neque
703 2819 779 2873 enim
792 2820 871 2872 solae
884 2823 949 2874 sunt
962 2818 1079 2873 virtutes
1093 2819 1292 2887 imperatoriae
1305 2835 1379 2889 quae
1392 2821 1479 2890 vulgo

342 2903 548 2971 existimantur,
580 2904 660 2958 labor
680 2903 710 2956 in
732 2903 860 2972 negotiis,
892 2903 1027 2958 fortitudo
1057 2903 1088 2956 in
1120 2903 1261 2972 periculis,
1285 2904 1426 2959 industria
1448 2905 1479 2959 in

341 2987 459 3058 agendo,
479 2989 610 3043 celeritas
624 2989 653 3042 in
666 2988 850 3056 conficiendo,
871 2987 1021 3042 consilinm
1035 2988 1064 3042 in
1083 2988 1292 3057 providendo..
1316 2989 1429 3044 Ebenso
1442 2989 1479 3044 36

342 3089 376 3128 ac
395 3073 517 3142 primurn
529 3077 636 3142 quanta
652 3073 815 3127 innocentia
829 3073 932 3130 dehent
949 3089 1012 3127 esse
1032 3072 1231 3144 imperatores!
1251 3079 1357 3142 quanta
1374 3074 1479 3130 deinde

342 3159 372 3213 in
391 3159 522 3213 omnibns
542 3159 626 3212 rebus
646 3159 849 3228 temperantia!
870 3163 977 3229 quanta
997 3157 1060 3226 fide,
1080 3163 1186 3226 quanta
1203 3159 1347 3226 facilitate,
1369 3163 1479 3230 quanto

341 3243 463 3312 ingenio.
481 3249 588 3312 quanta
600 3241 791 3296 humanitate!
809 3273 842 3280 —
859 3242 1064 3296 lnsbesondere
1075 3243 1204 3297 beachtet
1216 3243 1315 3298 Cicero
1325 3245 1377 3300 das
1388 3245 1479 3301 Gliick

342 3329 393 3383 des
421 3327 585 3397 Pompeius:
617 3325 762 3396 egoenim
782 3326 823 3380 sic
852 3325 990 3395 existimo,
1018 3326 1149 3398 Maximo,
1171 3328 1312 3395 Marcello,
1342 3329 1478 3400 Scipioni,

342 3413 431 3468 Mario
445 3413 600 3484 ceterisque
614 3411 723 3481 magnis
737 3411 953 3481 imperatoribus
966 3427 1024 3465 non
1043 3411 1133 3466 solnm
1146 3419 1260 3482 propter
1271 3413 1402 3469 virtutem
1428 3415 1480 3470 sed

343 3499 428 3554 etiam
447 3503 561 3569 propter
573 3500 716 3554 fortunam
733 3499 848 3568 saepius
866 3497 1120 3568 imperiamandata
1135 3543 1175 3554 ...
1196 3501 1248 3556 fuit
1261 3501 1335 3556 enim
1349 3500 1478 3570 profecto

343 3587 511 3656 quibusdam
531 3589 648 3642 summis
661 3587 730 3642 viria
743 3587 883 3658 quaedam
900 3587 936 3640 ad
956 3585 1170 3656 amplitudinem
1195 3589 1223 3639 et
1246 3587 1282 3641 ad
1307 3586 1426 3655 gloriam
1450 3583 1480 3640 et

343 3673 379 3728 ad
404 3689 449 3726 res
470 3689 588 3742 magnas
614 3673 686 3726 hene
711 3672 848 3741 gerendas
875 3671 1010 3726 divinitus
1036 3671 1171 3726 adiuncta
1190 3671 1311 3726 fortuna.
1339 3671 1374 3724 de
1393 3671 1479 3725 huius

343 3763 438 3814 autem
461 3758 583 3812 hominis
602 3757 749 3824 felicitate,
770 3757 804 3811 de
829 3772 883 3826 quo
907 3773 982 3810 nunc
1001 3757 1117 3826 egimus,
1135 3756 1189 3810 hac
1206 3761 1270 3810 uter
1283 3756 1479 3811 moderatione

344 3843 463 3912 dicendi,
477 3860 534 3897 non
552 3847 584 3897 ut
601 3843 630 3896 in
648 3843 722 3896 ihius
736 3845 875 3912 potestate
891 3843 1033 3896 fortunam
1053 3843 1173 3912 positam
1187 3857 1250 3896 esse
1269 3841 1369 3910 dicam,
1383 3841 1434 3895 sed
1447 3847 1479 3896 ut

343 3929 496 3998 praeterita
514 3927 685 3994 meminisse,
706 3927 815 3996 reliqua
834 3943 949 3995 sperare
968 3926 1122 3980 videamur.
1141 3957 1177 3964 —
1197 3927 1227 3980 ln
1251 3926 1301 3980 der
1319 3925 1405 3995 Reda,
1432 3925 1478 3980 die

343 4013 506 4068 Alkibiades
529 4012 597 4073 hah,
620 4029 667 4065 um
694 4011 738 4064 die
765 4011 890 4065 Athener
915 4027 977 4065 zum
1002 4011 1123 4080 Feldzug
1141 4011 1215 4065 nach
1242 4011 1357 4065 Sicilien
1376 4027 1411 4066 zu
1429 4011 1479 4065 he-

343 4113 449 4166 wegen,
467 4097 560 4152 berult
574 4113 604 4150 er
617 4095 677 4150 sich
690 4095 740 4150 aul
751 4095 830 4148 seine
845 4096 919 4162 ἀκμὴ
933 4095 991 4150 und
1008 4096 1060 4150 das
1074 4095 1162 4150 Gliiclr
1182 4093 1233 4148 des
1257 4095 1363 4150 Nitrias:
1391 4095 1476 4150 Thuc.

344 4183 434 4248 v1,17
513 4183 570 4235 ἀλλ’
589 4185 644 4236 ἕω(
662 4183 718 4244 ἐγὼ
732 4199 762 4236 τε
783 4184 823 4236 ἔτι
837 4181 952 4247 dandina
973 4183 1030 4247 μετ’
1049 4183 1136 4248 αὐτῆς
1153 4181 1198 4236 καὶ
1218 4181 1344 4236 ὁΝικίαε
1357 4181 1477 4248 εὐτυχὴς

344 4270 421 4321 δοκεῖ
440 4268 519 4330 εἶναι,
540 4269 737 4336 ἀποχρὴεαεθε
756 4275 790 4337 τῇ
811 4269 946 4335 ἑκατέρου
967 4269 1051 4334 ἡμῶν
1071 4267 1191 4337 ὠφελίᾳ.
