2940 4792
166 109 293 179 Sprachl.
305 109 560 179 Untersuchungen
573 127 608 165 zu
621 110 811 179 Theophrasts
824 111 920 166 boian.
934 111 1082 166 Schriften.
1148 105 1189 168 61

42 284 89 346 τὰ
115 286 280 356 γυναικεῖα
303 283 419 346 αὐτοῖς.
443 282 619 346 Vielleicht
641 283 688 346 als
711 282 781 346 Dat
805 283 892 347 modi
915 303 954 347 zu
977 283 1093 365 fassen,
1113 283 1191 348 oder

42 387 114 448 mit
138 385 225 448 Prof.
249 383 324 448 Keil
347 385 450 462 μόνον
475 386 553 462 <ἐν>
577 391 621 468 τῷ
645 405 685 448 zu
710 386 889 450 schreiben.

147 486 316 570 Zugabe:
343 487 375 551 0.
392 486 439 549 IV
457 488 520 569 3,7
547 488 625 550 ἀλλὰ
647 489 708 565 γὰρ
731 491 830 552 ταῦτα
854 492 910 566 μέν
934 483 1104 567 ὁμοιότητά
1122 510 1191 554 πνα

43 589 126 670 ἔχει.
149 591 191 655 τὰ
216 589 245 653 δ’
260 590 325 653 ἴδια
354 589 424 654 καθ’
440 591 573 654 έκαετον
601 593 695 664 γένος
724 592 806 654 αὐτὰ
830 591 899 655 καθ’
917 592 1013 655 ἑαυτὰ
1040 592 1190 673 λέγουον,

44 694 103 757 ἐπὶ
128 696 229 757 πλέον
249 692 363 772 ῥητέον
383 696 419 756 δέ
437 697 502 757 τοῑτ
521 698 587 756 τῶν
607 695 753 771 δένδρων
773 696 821 757 καὶ
841 695 922 772 πρὸς
942 694 1021 757 αὐτὰ
1040 696 1090 758 καὶ
1107 696 1189 773 πρὸ(

43 800 91 859 τὰ
125 795 205 860 ἄλλα
236 798 420 873 θεωροῦτιν.
458 795 525 859 Der
554 795 649 858 Detiv
682 800 747 860 τοῑτ
778 797 833 860 δαί
865 797 960 860 keine
990 796 1188 880 Beziehung.

47 899 237 964 Schneider
254 897 403 962 dnderte:
428 900 509 975 πρὸ(
528 903 593 962 τοῑτ
612 904 678 962 τῶν
698 900 844 978 δένδρων
863 904 995 978 καρποῖο
1007 900 1075 962 und
1091 901 1191 964 inter·

48 1004 224 1087 pretierie:
250 1001 351 1066 “Haec
376 1001 504 1084 quidem
530 1002 704 1065 ostendunt
727 1003 973 1067 similitudinem
997 1004 1138 1087 aliquem
1156 1005 1189 1066 in

50 1107 249 1169 universum
273 1123 345 1168 esse
368 1104 485 1167 horum
508 1105 669 1168 seminum
693 1105 920 1187 oleraceorum‚
944 1107 973 1169 si
996 1113 1123 1189 praeter
1141 1127 1191 1170 er·

52 1208 173 1272 borum
187 1209 315 1271 fructus
340 1214 372 1271 et
395 1209 480 1271 inter
498 1227 533 1271 se
553 1210 585 1272 et
601 1228 676 1272 cum
693 1210 809 1272 ceteris
827 1211 1071 1292 comparantur'.
1097 1209 1188 1274 Doch

54 1313 98 1375 isi
117 1311 207 1375 diese
226 1311 475 1394 Interpretaticn
495 1312 571 1374 sehr
589 1312 774 1395 schwierig3
800 1312 886 1376 denn
910 1313 968 1376 der
984 1313 1056 1377 Satn
1076 1313 1188 1391 ῥητέον

55 1453 98 1463 -
116 1419 293 1492 θεωροῡτιν
318 1415 427 1478 miisste
456 1415 527 1478 sich
555 1414 762 1479 unmittelbar
789 1436 830 1479 en
856 1416 1026 1495 ὁμοιότητα
1050 1417 1110 1494 ἔχει
1134 1437 1190 1479 an·

56 1519 234 1582 schliessen.
258 1517 306 1580 Im
323 1518 538 1581 Auctunrium
553 1518 625 1581 leci.
642 1537 707 1581 var.
724 1518 791 1581 will
806 1517 985 1603 Schneider
1000 1518 1187 1582 schreiben:

55 1624 104 1686 ἐπὶ
123 1623 223 1685 πλέον
244 1620 373 1699 ῥητέον·
391 1621 425 1684 ἐν
445 1623 481 1684 δέ
499 1625 564 1685 τοῑτ
579 1626 645 1684 των
662 1622 807 1698 δένδρων
825 1624 982 1699 θεωροῡκι
1006 1621 1096 1684 ‘Tum
1112 1641 1189 1685 vero

56 1725 220 1808 subiungo
244 1725 410 1807 superiora
433 1724 478 1786 ite
497 1724 633 1806 scripta:
657 1726 731 1787 τοὺ(
752 1727 787 1787 δέ
803 1724 941 1802 χρόνου(
958 1728 1057 1800 δῆλον
1074 1722 1121 1787 δτι
1140 1727 1189 1788 καὶ

54 1830 112 1892 τὰ(
132 1827 231 1905 ἀκμὰτ
249 1829 405 1906 ληπτέονῖ
430 1829 525 1892 Auch
545 1828 634 1892 diesc
650 1827 884 1890 Konstruhticn
902 1828 944 1890 ist
962 1827 1112 1909 gesucht3
1132 1826 1190 1890 der

55 1931 129 1995 Satn
152 1933 228 1994 τοὺ(
252 1969 295 1978 —-
320 1935 456 2009 ληπτέον
480 1933 522 1994 ist
548 1932 632 1995 noch
656 1931 768 1994 weiter
797 1931 945 1993 entiernt„
981 1930 1037 1993 Ich
1061 1930 1188 1993 mdchte

54 2034 162 2098 lesen:
189 2033 303 2111 ῥητέον
320 2037 355 2097 δέ
369 2038 434 2099 τοῑε
451 2036 495 2098 τὰ
510 2039 575 2097 τῶν
592 2035 798 2112 δένδρων-
816 2036 980 2110 θεωροῦτι.
1005 2033 1190 2115 ‘Exponen-

55 2136 135 2200 dum
159 2143 209 2200 est
232 2137 287 2217 eie,
312 2138 368 2219 qui
392 2137 537 2201 arborem
560 2157 618 2220 per
641 2157 675 2201 se
700 2137 904 2200 considerant
928 2139 960 2199 et
978 2156 1054 2200 cum
1072 2136 1188 2200 ceteris

55 2241 264 2324 comparant'.
299 2240 486 2305 Ausserdem
508 2241 576 2303 will
598 2241 684 2304 Prof.
707 2239 781 2303 Keil
803 2240 887 2303 noch
912 2239 1050 2303 dudem:
1080 2241 1100 2303 δί
1124 2240 1189 2322 (fiir
1255 2306 1257 2310 ⁴

53 2344 105 2423 τὰ)
130 2343 160 2407 δ’
177 2379 220 2390 -
245 2345 397 2423 λέγουαν,
422 2345 471 2407 ἐπὶ
495 2347 593 2407 πλέον
618 2343 732 2421 ῥητέον
757 2342 816 2427 [δέ]
840 2346 904 2406 τοῖς
929 2361 1006 2406 usn.

373 2523 527 2587 Ariihel
550 2521 626 2585 und
650 2522 874 2586 Pronomen.

148 2653 332 2735 Ungemein
350 2653 463 2735 hdufig
482 2652 525 2715 ist
541 2651 599 2715 der
614 2651 927 2715 substantivierende
945 2651 1115 2716 Gcbrauch
1132 2649 1189 2715 des

56 2755 210 2836 Ar‘cihels¹
233 2756 295 2818 wie
317 2757 354 2818 τὸ
379 2758 456 2819 κατὰ
475 2759 532 2832 γῆ(
556 2754 619 2834 16,
637 2756 670 2831 9;
695 2755 734 2816 τὰ
757 2755 839 2831 πρὸ(
857 2755 916 2831 τήν
936 2756 1148 2833 καρποτοκίαν
1172 2754 1188 2816 Ι

57 2859 86 2939 2,
106 2861 138 2935 1;
164 2857 199 2921 ἐν
217 2862 284 2922 roi(
303 2859 448 2935 περὶτὰ(
474 2857 559 2934 ῥίζα(
578 2857 594 2919 Ι
610 2859 637 2937 1,
651 2858 685 2935 2;
705 2858 742 2920 τὸ
762 2860 817 2934 τῆ(
835 2858 1029 2934 καλουμένη(
1050 2858 1189 2935 κάχρυο(

55 2962 105 3025 ΠΙ
125 2965 155 3043 5,
175 2963 210 3038 5;
239 2961 275 3024 τὸ
300 2961 381 3039 πρὸ(
403 2966 448 3043 τῷ
473 2961 562 3039 πάχει
585 2959 601 3022 Ι
621 2962 651 3041 8,
665 2962 693 3022 3.
729 2959 767 3022 In
792 2958 904 3022 diesen
927 2958 1047 3022 beiden
1069 2958 1188 3022 letzten

56 3063 166 3129 Fdllen
182 3063 273 3128 dient
288 3063 346 3128 der
362 3063 488 3128 Artihel
502 3083 567 3126 nur
582 3063 672 3145 dazu,
689 3063 762 3126 eine
774 3062 1001 3145 Erscheinung
1016 3062 1062 3125 als
1078 3061 1188 3126 solehe

56 3187 97 3230 nu
115 3167 374 3245 kennneichncm
394 3167 514 3231 ebenso
532 3168 569 3231 τὸ
590 3170 655 3230 τῶν
676 3165 778 3246 ῥιζῶν,
797 3168 834 3229 τὸ
853 3171 919 3228 τῶν
936 3168 1061 3242 θερμῶν
1080 3164 1138 3246 Ιί,
1152 3166 1186 3244 33

56 3271 134 3333 κατὰ
157 3272 194 3333 τὸ
222 3271 304 3346 πρὸ(
326 3275 371 3352 τῷ
395 3272 491 3352 μίτχιρ
516 3269 566 3332 ΙΙΙ
591 3270 642 3349 10,
659 3271 693 3348 53
718 3270 754 3331 τὸ
778 3272 844 3331 τῶν
867 3263 1042 3348 τριχωδῶν,
1070 3268 1107 3330 τὸ
1130 3271 1187 3345 τῆ(

57 3374 336 3452 παραβλασήτεωε
364 3372 411 3434 IV
428 3375 458 3452 9,
479 3375 497 3435 3
527 3392 605 3435 παπ.
629 3408 673 3419 -
696 3370 778 3435 Sehr
800 3371 848 3433 oft
870 3370 911 3432 ist
934 3368 1011 3433 aber
1034 3369 1087 3432 ein
1106 3368 1188 3434 Sub·

57 3476 175 3540 stantiv
199 3495 240 3539 zu
263 3481 420 3558 ergiinzen
444 3476 505 3538 wie
528 3475 567 3538 τὰ
585 3477 641 3551 τῆ(
664 3477 756 3551 τοκῆε
780 3477 834 3555 (sc.
855 3473 970 3551 φύλλα)
988 3471 1005 3534 I
1023 3473 1073 3552 10,
1090 3473 1123 3550 53
1148 3472 1187 3535 τὰ

58 3579 91 3642 ἐν
110 3580 194 3660 μέκῳ
213 3583 278 3640 τῶν
295 3576 386 3654 ἄρων
405 3581 460 3658 (sc.
478 3577 570 3657 ἄνθη)
586 3576 601 3640 Ι
621 3578 670 3657 10,
690 3578 730 3639 10
747 3595 825 3639 παπ.
860 3574 1053 3657 Auffcllig
1070 3575 1114 3637 ist
1130 3573 1188 3638 der

57 3682 182 3746 Artikel
205 3681 253 3744 IV
280 3683 329 3762 10,
356 3683 372 3744 1
399 3682 417 3744 δ
441 3683 501 3760 γὰρ
530 3680 804 3759 προεαγορεύουα
827 3682 935 3759 λέμνα,
962 3681 1060 3742 τοῦτο
1088 3679 1185 3742 πλείω

57 3785 91 3846 τὸ
115 3783 186 3848 καθ’
202 3783 321 3847 ὓδατότ
345 3785 414 3847 έετι.
439 3783 619 3847 Schneider
638 3781 766 3846 inderi:
790 3783 827 3845 τὸ
850 3782 948 3845 πλέον
973 3779 1042 3844 καθ’
1060 3779 1185 3845 ίίδατοε.

59 3885 213 3950 Wimmer
228 3886 295 3949 helt
310 3885 363 3950 dic
380 3889 488 3967 πλείω,
504 3888 644 3969 gestiitzt
658 3885 714 3949 auf
730 3884 804 3967 UM,
823 3884 893 3948 fest.
925 3883 1014 3947 Doch
1033 3882 1114 3946 wird
1134 3882 1186 3948 die

58 3986 289 4053 Konstnrhticn
313 4009 354 4052 nu
376 3989 576 4071 gekiinstelt:
602 3987 720 4052 einmal
743 3988 786 4052 ist
808 3987 865 4051 der
885 3986 1011 4051 Artikel
1034 4006 1092 4049 vor
1115 3985 1185 4050 καθ’
