3308 4938
336 390 377 453 56
697 393 833 462 Ludwig
852 393 1098 461 Rosenmeyer,

425 568 526 632 Nemo
545 566 712 648 dubitabit,
732 565 812 649 quin
830 567 965 629 ineunte
985 565 1088 649 capite
1108 561 1258 628 codicum
1275 561 1371 627 lectio
1388 580 1464 626 vera

335 692 399 736 non
423 672 472 735 sit.
497 671 624 735 Mutare
646 689 819 752 possumus
841 669 877 731 in
900 667 956 732 ‘ita
979 673 1011 732 et
1034 672 1125 751 pater
1147 672 1179 731 et
1201 666 1291 730 filins
1315 665 1382 748 est',
1406 665 1463 730 sed

336 795 376 841 ex
406 775 533 839 ITAVT
559 775 661 839 multo
690 773 820 839 facilius
851 773 910 836 'ita
940 773 1011 836 aut'
1041 771 1146 856 potnit
1172 770 1264 853 oriri,
1295 790 1391 853 quam
1422 789 1463 834 ex

334 877 466 942 mnas.
491 876 656 942 Librarius
672 877 736 959 ille,
760 877 816 960 qui
835 874 988 940 mendum
1007 875 1218 956 commiserat,
1238 873 1464 938 concinnitatis

337 1001 436 1046 causa
463 980 599 1044 alterum
623 981 676 1044 ‘et’
699 981 733 1043 in
757 979 836 1043 'aut'
861 980 1010 1043 correxit.
1044 977 1171 1043 Deinde
1195 979 1324 1062 egregie
1347 977 1465 1062 hingel-

336 1083 502 1148 brechtius
521 1083 696 1148 Oohlerum
719 1088 859 1164 secutis,
883 1083 939 1165 qui
963 1083 1031 1166 ipse
1055 1101 1184 1166 quoque
1202 1081 1247 1164 (Π
1264 1081 1327 1145 663
1347 1079 1418 1144 adn.
1435 1083 1464 1162 a)

338 1187 584 1271 comparationis
603 1186 799 1250 desideravit
816 1185 1013 1269 particulam,
1038 1187 1110 1270 post
1133 1184 1186 1249 ‘et’
1210 1183 1291 1250 illud
1310 1185 1368 1249 ‘ut'
1388 1203 1463 1268 sup·

337 1290 444 1374 plevit.
478 1290 606 1353 Eximio
629 1291 697 1353 arte
720 1295 832 1354 auctor
855 1289 1036 1353 construxit
1059 1289 1251 1353 sententias!

531 1391 591 1456 'Ita
614 1396 652 1456 ut
674 1397 773 1476 pater,
797 1395 829 1457 et
851 1393 942 1456 iilius
966 1397 1023 1474 est,

531 1502 564 1560 et
585 1499 623 1560 ut
646 1515 750 1578 neque
775 1495 844 1560 dies
869 1494 978 1560 eudem
1003 1501 1036 1560 et
1058 1516 1133 1578 nox,

532 1618 638 1682 neque
662 1602 753 1683 pater
775 1599 859 1663 idem
885 1605 916 1664 et
937 1599 1035 1682 filine,

532 1707 569 1765 ut
590 1703 655 1766 sint
678 1703 766 1768 umbo
789 1722 888 1766 unus
912 1708 944 1766 et
966 1710 1132 1788 atrumque
1155 1703 1269 1766 alter'.

429 1805 653 1870 Monarchiani
672 1811 778 1870 autern
796 1806 856 1870 hoc
872 1807 1000 1870 volunt:
1022 1807 1101 1890 ‘ipse
1119 1826 1154 1871 se
1169 1807 1275 1871 filium
1291 1805 1353 1870 sibi
1368 1806 1466 1870 iecit?

339 1907 401 1974 Sed
424 1909 486 1973 hoc
510 1909 582 1973 fieri
610 1910 738 1991 nequit:
763 1910 846 1992 patri
870 1927 951 1992 opus
975 1914 1024 1972 est
1046 1909 1124 1991 tilio,
1153 1913 1190 1973 ut
1212 1912 1301 1992 pater
1323 1908 1374 1990 sit,
1397 1907 1466 1972 filio

337 2017 435 2096 patre,
454 2018 491 2076 ut
509 2013 597 2077 filins
616 2013 673 2093 sit;
697 2012 784 2076 aliud
804 2011 996 2096 esthabere,
1016 2011 1199 2077 aliudesse.
1224 2011 1466 2095 Comparatione

337 2116 406 2180 illa:
432 2117 480 2180 ‘ut
505 2116 638 2180 maritus
658 2115 727 2197 sim,
751 2115 883 2179 habeam
903 2121 1029 2199 oportet
1047 2135 1191 2198 uxorem,
1214 2135 1279 2179 non
1299 2116 1368 2199 ipse
1388 2115 1466 2178 mihi

339 2238 394 2283 ero
418 2219 513 2283 uxor'
538 2219 749 2283 confirmatur
771 2220 963 2283 sententiam
989 2219 1094 2282 verbis
1118 2218 1194 2282 ‘non
1216 2219 1285 2302 ipse
1309 2217 1388 2280 mihi
1411 2237 1466 2282 ere

338 2323 439 2406 pater'
456 2321 553 2403 finiri,
570 2340 669 2404 quare
680 2320 910 2403 Kroymunnns
927 2321 1008 2385 bene
1025 2321 1119 2404 'quac
1135 2372 1140 2384 .
1155 2372 1160 2384 .
1175 2372 1181 2384 .
1198 2321 1333 2385 iaciunt'
1345 2320 1468 2385 rettulit

339 2425 377 2489 ad
402 2426 570 2506 sequentia
599 2425 815 2507 (quodetiam
842 2423 998 2488 Oohlerus
1027 2425 1112 2506 tecit,
1144 2425 1179 2488 B.
1198 2425 1373 2490 Rhenanus
1402 2444 1466 2487 non

339 2527 480 2609 iecerat).
504 2526 568 2591 Sed
583 2546 624 2592 ne
641 2526 833 2609 sicquidem
851 2546 963 2591 earnes
979 2527 1109 2592 sustulit
1125 2527 1341 2608 difficultates„
1359 2528 1466 2591 ‘eninr’

339 2651 405 2695 non
421 2629 556 2712 quadrat
570 2629 610 2694 ad
626 2634 827 2712 sententiam,
843 2631 877 2692 in
891 2650 929 2695 eo
942 2631 1095 2694 mendum
1107 2629 1235 2694 videtur
1245 2631 1361 2712 inesse,
1377 2649 1467 2713 prae-

341 2733 451 2798 sertim
471 2752 545 2797 cum
565 2733 645 2797 illud
661 2733 723 2797 ‘me
739 2733 873 2798 faciunt’
890 2733 992 2797 solum
1010 2733 1154 2816 intellegi
1173 2753 1239 2798 non
1254 2733 1362 2817 possit.
1390 2733 1468 2798 Sen-

340 2837 440 2900 tentia
463 2839 513 2899 est
535 2837 630 2900 haec:
657 2836 760 2902 οὓτω(
784 2839 833 2901 καὶ
855 2839 910 2902 ἵνα
932 2839 1035 2916 πατὴρ
1055 2837 1091 2919 ὠ,
1112 2834 1181 2901 υἱὸν
1201 2839 1272 2916 ἕξω,
1292 2839 1352 2902 οὐκ
1372 2833 1466 2902 αὐτὸ(

338 2939 466 3022 ἐμαυτῷ
492 2936 558 3004 υἱὸε
583 2940 697 3022 lecum,
728 2945 776 3005 καὶ
803 2943 858 3006 ἵνα
881 2937 946 3006 υἱὸς
972 2941 1007 3022 ὠ,
1037 2942 1158 3020 πατέρα
1181 2942 1255 3022 ἕξω,
1288 2936 1467 3006 obnubuit

337 3043 466 3126 ἐμαυτῷ
478 3043 586 3122 {conco
601 3047 711 3122 πατήρ.
736 3047 792 3110 ἐὰν
810 3046 848 3108 τά
868 3067 905 3123 με
924 3048 1074 3110 τοιοῦτον
1092 3047 1148 3128 (cel
1165 3047 1294 3125 τοῦτον)
1312 3047 1468 3110 ποιοῦντα

338 3147 414 3228 ἔχω,
434 3143 497 3212 εἶτα
516 3147 637 3226 ἔεομαι·
654 3151 765 3230 πατήρ,
785 3149 841 3214 ἐὰν
860 3143 928 3213 υἱὸν
945 3149 1018 3230 ἔχω,
1038 3149 1114 3230 υἱός,
1134 3149 1191 3214 ἐὰν
1206 3153 1336 3228 πατέρα.
1363 3147 1469 3226 Quare

341 3252 470 3335 egregia
485 3250 539 3314 illa
555 3255 603 3315 est
619 3251 765 3315 Rhenani
786 3254 1013 3336 coniectura1),
1033 3273 1129 3336 quam
1148 3271 1190 3317 ne
1209 3253 1471 3317 commemoravit

340 3353 470 3436 quidem
491 3353 735 3434 Kroymannus:
761 3355 854 3437 ‘quae
873 3375 947 3419 eum
966 3375 1018 3419 me
1037 3357 1162 3420 faciunt
1177 3356 1205 3419 si
1223 3355 1373 3436 habuero,
1392 3361 1470 3418 tunc

341 3474 412 3520 ero:
437 3461 527 3539 pater
549 3457 576 3519 si
599 3456 704 3520 filium
729 3457 870 3540 habeam,
895 3457 984 3522 tilius
1007 3459 1035 3522 si
1058 3459 1192 3543 patrem'
1212 3459 1268 3540 (ita
1291 3459 1372 3522 bene
1396 3457 1468 3539 Krl:

349 3557 449 3622 Wenn
476 3557 528 3622 ich
556 3559 613 3623 dus
639 3559 726 3642 leude,
755 3583 819 3626 artua
841 3561 922 3626 male
945 3583 1018 3627 zum
1041 3561 1247 3645 detreffenden
1269 3561 1382 3642 moedi,
1410 3567 1471 3626 erat

343 3661 431 3726 donn
458 3661 544 3725 lona
571 3661 619 3726 iob
646 3683 677 3728 es
702 3667 775 3729 aeia
800 3714 806 3726 .
827 3715 833 3726 .
854 3664 872 3726 .’
910 3663 1001 3742 Quod
1032 3666 1145 3730 attinet
1171 3664 1211 3729 ad
1236 3665 1332 3729 ‘enm’
1353 3695 1387 3717 =
1412 3664 1471 3728 den

343 3761 558 3844 botreffoadea,
584 3765 678 3828 velim
703 3767 850 3831 conteras
873 3767 1115 3832 Reitzensteinii
1142 3767 1390 3852 disputationem
1414 3765 1471 3830 ‘Zu

344 3865 468 3930 Seneca
486 3865 536 3930 De
562 3867 653 3932 beata
676 3869 752 3932 vita’
776 3870 897 3953 (Herm.
915 3872 956 3934 29
979 3873 1064 3935 1894
1087 3893 1116 3954 p.
1133 3872 1197 3935 623
1221 3874 1285 3935 not
1304 3871 1354 3952 6):
1383 3869 1473 3933 «Der

345 3969 417 4032 Satn
446 3970 559 4033 wtirde
590 3971 782 4056 vollstandig
808 3973 933 4037 lauten:
966 3974 1011 4037 ‘in
1040 3973 1156 4057 quibus
1188 3993 1243 4040 eos
1271 3974 1373 4038 iactos
1401 3991 1471 4038 esse
1530 4041 1534 4050 Δ

344 4077 516 4155 praeterae,
533 4091 613 4156 quos
629 4073 744 4156 tacere,
760 4075 855 4160 idem,
872 4061 928 4159 qui
943 4078 1060 4158 fecere,
1077 4079 1255 4142 mirantur?
1278 4077 1345 4142 Der
1360 4075 1473 4140 selbst

345 4175 580 4240 verstindliohe
607 4177 798 4244 Relativsatz
830 4179 909 4243 wird
941 4181 1159 4261 unterdrticlrt,
1190 4199 1226 4244 so
1257 4179 1319 4244 dall
1350 4179 1418 4243 sich
1446 4181 1474 4243 ie

437 4307 456 4376 ¹)
474 4278 564 4361 ma
582 4327 634 4378 ηιμ.
654 4313 765 4378 praebet
782 4285 854 4381 quae
874 4329 946 4368 eunt.
