3248 4910
384 386 425 448 12
811 394 847 448 M.
866 395 1089 460 Heiuemanu,

380 566 540 649 poematio
559 585 665 648 neque
682 565 843 649 Propertii
862 585 968 648 neque
984 565 1077 630 Pauli
1096 585 1228 632 carmen
1246 565 1404 632 derivari
1423 573 1539 650 potest,

381 661 440 728 sed
463 683 574 730 omnes
598 664 657 729 hos
684 671 794 748 poetas
817 665 857 730 ad
881 685 984 730 uuum
1008 666 1101 748 quasi
1123 665 1301 750 exemplar
1325 667 1446 732 redire
1470 669 1538 730 reri

381 765 512 831 videtur
529 767 818 850 simillimumque
837 776 930 853 poeta
949 767 1081 851 quidam
1096 787 1131 833 se
1150 768 1305 852 puellam,
1332 789 1443 852 quam
1461 790 1538 834 con·

382 871 535 953 cupierat,
555 869 768 936 dormientem
791 872 956 936 invenisse
975 872 1070 956 eique
1090 873 1155 936 vim
1179 871 1265 936 haud
1291 873 1341 936 ita
1366 873 1535 957 ingratam

381 972 530 1037 intulisse
548 973 714 1057 professus
738 980 814 1040 erat.
854 974 1022 1039 Imminuit
1044 976 1228 1058 argumenti
1248 975 1431 1040 lasciviam
1451 977 1533 1041 Pro·

381 1077 515 1160 partius,
531 1077 624 1141 auxit
635 1076 772 1156 Paulus3
785 1079 891 1161 ipsum
904 1097 1033 1142 carmen
1046 1077 1206 1161 prolixius
1222 1081 1313 1144 certe
1326 1083 1412 1162 erat,
1432 1100 1533 1162 quam

384 1180 471 1262 quod
495 1181 732 1265 epigrammatis
755 1181 887 1247 nomine
911 1199 970 1245 nos
994 1181 1263 1265 significaremus,

471 1283 532 1348 His
548 1291 581 1349 et
599 1283 670 1348 aliis
686 1285 883 1368 argumentis
903 1305 978 1350 cum
992 1284 1265 1349 Reitzensteinius
1286 1288 1445 1350 extitisse
1466 1288 1530 1350 iam

383 1385 677 1452 Alexandrinorum
707 1389 810 1452 aetate
838 1389 981 1451 carmina
1007 1387 1161 1471 ampliora
1189 1387 1409 1471 probavisset,
1443 1409 1531 1472 quae

381 1488 451 1572 ipse
475 1489 593 1573 elegias
620 1489 735 1554 breves
759 1490 905 1574 appellat,
930 1491 980 1553 rin
1002 1509 1147 1555 summus
1168 1490 1207 1554 U.
1226 1477 1267 1554 de
1286 1491 1531 1556 Wilamowitz-

382 1591 603 1675 Moellendort,
626 1593 681 1676 qui
697 1595 821 1674 antea¹t
840 1592 941 1656 tuisse
958 1592 1085 1676 elegias,
1107 1591 1225 1675 quibus
1244 1596 1361 1676 poetae
1379 1595 1529 1660 Alexan·

382 1693 467 1758 drini
484 1713 559 1759 suos
576 1713 700 1760 amores
716 1695 956 1779 profiterentur,
974 1695 1154 1780 praefracte
1169 1699 1353 1779 negaverat,
1370 1695 1527 1761 brevium

382 1799 496 1862 barum
523 1797 698 1882 elegiarum
721 1798 906 1882 exemplum
934 1799 1003 1882 ipse
1026 1799 1152 1862 invenit
1178 1800 1213 1862 in
1235 1797 1408 1881 Theocriti,
1435 1799 1526 1883 qnod

382 1901 509 1983 dicitur,
529 1902 756 1986 epigrammate
780 1903 933 1984 quartat),
957 1921 999 1965 ex
1023 1920 1086 1984 quo
1111 1901 1230 1984 optime
1248 1901 1434 1984 intellegas,
1459 1923 1527 1985 qna

382 2005 506 2070 ratione
525 2005 621 2068 etiam
641 2023 684 2069 er
707 2005 944 2088 epigrammatis
965 2004 1086 2088 elegiae
1105 2009 1193 2068 ortae
1213 2003 1292 2082 sint;
1318 2009 1412 2088 poeta
1434 2007 1525 2069 enim

382 2107 560 2192 compluria
583 2110 773 2190 argumenta
796 2107 943 2173 bucolica
967 2110 998 2171 et
1026 2107 1180 2172 amatoria
1206 2107 1293 2171 inter
1315 2127 1353 2172 se
1380 2109 1525 2174 conectit

382 2229 549 2292 unumque
562 2210 666 2274 elficit
678 2229 817 2292 carmen,
833 2209 920 2293 quod
931 2211 1017 2274 intra
1028 2209 1143 2293 prioris
1159 2209 1272 2274 aetatis
1288 2211 1523 2294 epigrammata

381 2315 665 2399 Romanorumque
688 2319 854 2399 poetarum
879 2315 997 2399 elegias
1022 2313 1162 2380 medium
1182 2314 1250 2380 lere
1274 2315 1384 2378 locum
1407 2319 1522 2380 tenere

381 2419 658 2500 Wilamowitzi0³t
674 2420 810 2484 ridetur.
842 2419 953 2502 Ipsum
969 2439 1100 2484 carmen
1116 2419 1167 2482 vir
1183 2419 1392 2484 doctissimus
1407 2440 1521 2484 recen·

382 2518 487 2598 tiori⁴l
515 2517 669 2583 adscribit
696 2519 800 2583 aetati.
836 2517 924 2582 Huic
951 2519 1063 2602 generi
1087 2517 1233 2602 exempla
1256 2517 1410 2600 vindicat,
1436 2538 1520 2601 quae

382 2623 487 2686 secuti
510 2625 586 2686 suut
608 2621 761 2704 Tibullus,
785 2621 981 2705 Propertius
1005 2619 1151 2685 Ovidius,

475 2821 494 2890 ¹)
505 2821 780 2891 Hinneberg,Kultur
790 2821 1014 2892 derGegenwart
1024 2821 1082 2876 Vlll
1094 2821 1123 2876 1¹
1136 2837 1161 2891 p.
1172 2820 1239 2876 142:
1251 2821 1344 2876 'Danu
1354 2820 1461 2876 kommt
1471 2822 1516 2876 die

381 2904 617 2975 Liebesdichtung
628 2905 678 2960 der
686 2905 804 2976 Propera
814 2906 1034 2963 undOrid.Was
1043 2908 1079 2961 ist
1087 2907 1147 2962 sie?
1155 2907 1206 2960 Die
1217 2906 1339 2961 maisteu
1349 2907 1515 2962 versichcrn

381 2991 576 3061 Nachbildung
593 2991 643 3046 der
660 2992 858 3061 elegischen
871 2992 1159 3062 Liebesgcdichte
1177 2991 1238 3048 der
1250 2991 1512 3048 Alexandriner.

382 3075 443 3134 Und
462 3093 506 3132 wo
525 3076 590 3131 sind
610 3077 678 3132 die?
696 3077 762 3132 Man
781 3079 847 3133 muss
867 3078 909 3132 sie
929 3077 989 3133 sich
1003 3077 1138 3146 crfinden,
1152 3077 1215 3132 weil
1229 3093 1296 3132 man
1309 3076 1356 3132 dia
1369 3079 1515 3134 vorbildcr

381 3162 534 3230 llbersieht,
554 3161 600 3216 die
619 3177 686 3218 man
705 3161 814 3218 besitzt.
834 3162 917 3217 Diese
937 3178 1025 3232 gaure
1044 3163 1139 3232 Elegia
1152 3162 1191 3218 iat
1204 3164 1370 3220 erwachscn
1383 3181 1435 3219 aus
1449 3164 1511 3218 dem

382 3246 550 3316 Epigramm,
570 3247 674 3302 dassen
692 3247 782 3301 Kttrze
801 3247 1040 3302 unnachahmlich
1059 3263 1126 3315 war,
1145 3247 1239 3301 zumal
1257 3248 1301 3303 als
1320 3247 1367 3303 dic
1380 3249 1511 3304 Rhetorit

382 3331 571 3402 eindrang...
597 3333 697 3388 Zumal
720 3348 804 3386 wenn
828 3348 894 3388 man
918 3333 980 3386 sich
1000 3333 1048 3387 cin
1066 3333 1145 3387 Buch
1163 3333 1340 3402 Epigramme
1360 3335 1511 3388 varstallen

381 3417 467 3484 kann,
485 3417 540 3472 wie
559 3434 591 3472 es
611 3417 657 3472 die
677 3417 786 3472 Samier
804 3417 862 3472 und
882 3417 927 3473 die
947 3417 1152 3473 Alexandriuer
1170 3417 1265 3482 boten,
1278 3417 1350 3472 wird
1364 3418 1410 3474 die
1424 3419 1511 3474 Nach-

381 3503 505 3572 ahmung
525 3519 547 3556 z.
566 3503 596 3556 B.
614 3502 653 3556 im
677 3506 773 3558 ersten
791 3503 886 3558 Buche
910 3501 961 3557 des
980 3503 1100 3572 Propera
1119 3503 1300 3558 uumitlelbar
1319 3503 1510 3559 einleuchteu'

471 3597 493 3667 ¹)
505 3597 564 3652 ‘Die
574 3597 806 3666 Textgeschichte
817 3597 866 3651 der
877 3596 1255 3668 Bukoliker’(Philologische
1263 3597 1510 3668 Untersuchungau

381 3682 475 3747 Xlllll)
495 3681 565 3737 1906
584 3698 610 3752 p.
626 3682 677 3736 199
687 3697 727 3751 sq.

472 3777 494 3848 ⁸)
512 3775 603 3846 Certe,
622 3783 652 3832 ut
672 3778 760 3832 semel
780 3793 919 3844 moneam,
939 3792 998 3832 non
1010 3791 1128 3832 numero
1148 3779 1257 3832 tantum
1274 3793 1410 3832 versuum
1429 3777 1507 3832 disto

381 3861 418 3917 ab
438 3862 528 3932 elegia
547 3862 726 3932 epigramma.
747 3863 777 3918 Si
795 3862 964 3932 diligentius,
984 3863 1124 3932 quomodo
1144 3863 1348 3932 epigrammata
1364 3864 1395 3918 in
1407 3864 1506 3934 elegias

381 3951 538 4015 transeant,
564 3948 700 4016 inquiras,
726 3951 776 4002 aul
801 3963 887 4003 unum
913 3948 1088 4017 epigramma
1113 3948 1257 4002 rhetorum
1281 3948 1409 4004 artificiis
1433 3949 1507 4018 quasi

382 4031 494 4088 dilatari
514 4031 694 4102 singulasque
714 4032 776 4086 eius
795 4037 891 4102 partes
910 4033 1069 4088 increscere
1092 4033 1131 4103 (ut
1155 4033 1230 4102 apud
1249 4032 1381 4088 Ouidium
1400 4039 1430 4090 et
1448 4035 1507 4088 Pro-

381 4118 514 4188 pertium)
531 4123 580 4172 aut
593 4117 748 4188 compluria
760 4118 834 4173 inter
847 4135 877 4172 ae
892 4119 937 4172 rel
955 4135 1019 4174 cum
1032 4119 1153 4173 aliorum
1165 4123 1326 4188 poematum
1341 4120 1506 4188 argumentis

381 4203 513 4272 coniungi
532 4202 641 4258 videbis
662 4203 703 4274 (ut
722 4203 796 4272 apud
815 4204 973 4272 Tibullum).

473 4297 495 4366 ⁴)
514 4297 531 4352 l.
545 4297 562 4351 l.
577 4314 601 4367 p.
616 4297 677 4352 201.
