3308 4938
350 383 392 445 94
718 389 855 459 Ludwig
873 390 1118 461 Rosenmeyer,

342 550 415 646 (20)
443 561 646 647 praevalebit
683 560 831 646 ‘nempe',
858 563 1020 645 inquiunt,
1044 563 1144 628 ‘lilius
1168 563 1221 629 dei
1245 566 1326 630 deus
1350 569 1407 646 est,
1434 601 1481 635 m

349 672 382 732 et
400 667 503 730 virtus
519 665 665 729 altissimi
682 665 858 729 altissimus
876 667 942 730 est’.
967 685 1028 730 neo
1043 666 1144 751 pudet
1159 668 1223 732 illis
1238 669 1369 752 inicere,
1386 671 1481 753 quod,

295 792 323 836 io
349 771 378 835 si
394 773 486 852 esset,
505 769 661 853 seriptum
676 770 801 834 fuisset
826 789 922 852 quem
938 771 1023 834 enim
1041 770 1221 854 verebatur,
1239 777 1356 837 utnon
1373 779 1481 857 aperte

350 872 587 956 pronuntiaret:
620 871 712 936 ‘deus
742 872 969 962 superveniet',
1000 875 1033 936 et
1059 872 1247 938 ‘altissimus
1276 875 1482 941 obumbrabit

349 977 415 1040 te’?
449 974 560 1040 dicens
584 979 691 1038 autem
715 975 858 1059 'spiritus
882 975 953 1058 dei’,
983 977 1045 1040 etsi
1069 979 1202 1061 spiritus
1231 979 1283 1045 dei
1302 1013 1346 1062 aa,
1375 988 1481 1046 tamen

349 1099 414 1144 non
442 1077 563 1144 directo
586 1080 653 1161 (25)
681 1077 777 1142 deum
805 1079 983 1161 nominans
1012 1082 1192 1162 portionem
1215 1084 1313 1148 totius
1337 1086 1480 1170 intellegi

350 1184 460 1265 voluit,
480 1203 562 1266 qnae
582 1202 715 1248 cessura
733 1189 801 1246 erat
819 1183 853 1245 in
873 1183 935 1246 lilii
954 1202 1081 1247 nomen.
1110 1185 1164 1250 hie
1180 1187 1312 1270 spiritus
1328 1188 1381 1254 dei
1396 1189 1481 1254 idem

297 1314 323 1356 15
351 1294 412 1356 erit
436 1309 547 1354 sermo

438 1430 456 1485 8
468 1431 583 1500 spiritus
597 1430 642 1484 dei
654 1447 729 1499 saep.
740 1431 805 1498 Eup
817 1434 883 1496 (non
893 1432 1016 1499 probam
1026 1449 1108 1500 quom
1118 1431 1164 1484 Kr
1174 1433 1256 1486 indic,
1265 1433 1336 1502 loa),
1351 1434 1480 1486 uanam

348 1519 470 1585 caenavit
482 1516 535 1583 Kr,
555 1520 586 1570 ut
605 1520 633 1570 et
651 1516 767 1585 spiritua
785 1516 830 1569 dei
844 1516 914 1570 deus
929 1521 974 1570 est
987 1517 1159 1570 amerianae
1167 1524 1287 1586 prauam
1321 1518 1338 1572 9
1352 1517 1407 1572 illis
1422 1518 1480 1572 Kr:

349 1603 413 1656 illos
437 1602 498 1668 Pu,
522 1601 569 1655 illo
593 1602 626 1667 F;
652 1601 759 1654 inicere
782 1601 843 1668 PM,
868 1601 982 1656 vincere
1002 1603 1034 1667 F;
1061 1602 1136 1672 quod
1156 1633 1190 1640 —
1210 1603 1361 1658 verebatur
1380 1619 1430 1658 om.
1446 1604 1464 1657 F
1474 1622 1480 1670 ;

351 1688 384 1741 12
403 1687 455 1741 etsi
474 1687 603 1756 spiritum
623 1686 668 1741 dei
681 1687 753 1754 Eup,
773 1687 846 1738 nibil
860 1693 1008 1754 ρναιέινια
1026 1688 1196 1755 decideram,
1216 1689 1346 1742 lacunam
1359 1691 1480 1756 aipmolt

350 1773 402 1840 Kr,
422 1771 492 1827 deus
512 1773 587 1840 capit
606 1772 661 1826 dici
679 1774 833 1841 supplendo
852 1790 970 1841 cenaene,
990 1774 1059 1828 deus
1079 1775 1140 1826 add.
1160 1775 1226 1842 Ura;
1274 1775 1307 1828 15
1326 1775 1379 1830 erit
1397 1775 1416 1844 (i
1429 1792 1482 1830 aa

349 1856 513 1926 amUM

440 2001 542 2067 Valde
573 2002 684 2066 dubito
715 2023 791 2066 num
821 2003 1049 2085 Kroymannus
1078 2011 1164 2070 recte
1194 2005 1477 2070 277114-42312

349 2106 436 2171 ‘non'
456 2107 627 2171 mutaverit
645 2107 678 2169 in
699 2106 822 2184 ‘nuno’3
848 2127 918 2172 mea
942 2107 1073 2191 quidem
1097 2109 1256 2174 sententia
1280 2113 1393 2173 auctor
1416 2113 1480 2174 tote

349 2209 502 2274 Iohannis
522 2209 688 2292 evangelio
708 2213 841 2273 tractato
861 2231 926 2274 non
945 2213 1008 2275 iarn
1025 2211 1087 2275 alia
1106 2212 1272 2294 evangelia
1290 2231 1479 2296 percurrere

348 2313 427 2394 vult,
454 2313 512 2376 sed
536 2313 613 2376 satis
637 2311 733 2376 habet
755 2333 874 2396 paucos
898 2314 1014 2378 afferre
1038 2315 1134 2378 locos.
1170 2313 1276 2391 Quare
1300 2334 1373 2378 oum
1394 2315 1480 2379 codi-

350 2416 441 2480 cibus
465 2416 607 2481 scribere
631 2417 742 2480 velim:
769 2416 924 2480 ‘ceterum
951 2417 1071 2482 utalia
1096 2418 1262 2502 evangelia
1287 2439 1358 2480 non
1384 2421 1481 2482 inter-

348 2539 465 2603 ponam
482 2569 488 2582 .
505 2569 511 2582 .
529 2521 556 2601 .',
587 2519 811 2603 interponendi
842 2539 905 2584 vox
937 2521 1101 2604 signifieat
1127 2520 1333 2607 binaafalpaa,
1364 2520 1479 2586 barbai-

348 2622 462 2702 zema,
479 2643 544 2686 non
560 2626 597 2686 ut
612 2625 703 2706 putat
715 2621 943 2703 Kroymaunus
955 2624 1072 2690 bisen
1085 2625 1189 2689 lacoon.
1214 2624 1251 2686 In
1268 2623 1480 2706 sequentibus

349 2705 434 2790 iustlr
464 2727 537 2810 plus
568 2729 703 2792 mutavit
730 2727 973 2809 Kroymannus:
1006 2746 1046 2789 ex
1078 2725 1343 2790 antecedentibus
1372 2726 1478 2790 verbis

350 2828 523 2911 ‘spiritus
542 2829 593 2892 dei
613 2831 819 2914 superveniet
837 2831 869 2893 in
890 2837 929 2910 te,
946 2832 978 2892 et
993 2831 1096 2893 virtus
1112 2829 1259 2893 altissimi
1277 2829 1481 2894 obumbrabit

350 2937 382 2996 te
399 2983 405 2996 .
423 2981 429 2996 .
446 2934 464 2995 .’
493 2933 569 2996 satis
597 2939 728 3016 apparet
752 2932 862 2996 ‘iilius'
886 2936 927 3012 (v.
945 2931 1091 3018 20—18)
1120 2933 1244 3016 lapsum
1270 2933 1383 2997 calami
1408 2950 1479 2996 esse

350 3055 407 3119 pro
424 3035 587 3119 spiritus.
611 3036 723 3118 ltaque
739 3035 1009 3119 Engelbrechtius
1026 3037 1113 3100 reete
1130 3035 1288 3100 restitnit:
1316 3035 1480 3118 «nempe,

350 3141 511 3223 inquiunt,
535 3140 678 3224 ‘spiritus
702 3141 753 3204 dei
778 3139 858 3205 deus
883 3145 939 3220 est,
965 3146 997 3203 et
1016 3140 1119 3202 virtus
1138 3139 1284 3202 altissimi
1304 3137 1478 3202 altissimus

351 3242 441 3324 est'»,
466 3243 519 3307 eui
544 3244 721 3306 sententiae
745 3241 941 3325 respondent
965 3240 1068 3322 verba,
1093 3241 1288 3324 quaemodo
1308 3242 1409 3306 attuli.
1442 3241 1479 3304 In

350 3346 561 3428 sequentibus
592 3347 632 3426 (v.
656 3347 799 3426 ‘al-22)
829 3344 915 3409 hand
947 3345 1028 3408 male
1060 3345 1190 3428 scripsit
1219 3345 1374 3409 Ursinus:
1405 3344 1479 3408 ‘abi

350 3450 482 3531 spiritus
499 3447 549 3514 dei
571 3449 729 3527 <deus>’.
753 3448 816 3513 Sed
835 3448 938 3530 aliam,
955 3467 1050 3531 quarn
1071 3449 1206 3532 praeivit
1224 3452 1311 3527 (eum
1327 3449 1480 3528 Pamelio)

350 3549 619 3632 Engelbrechtius
635 3552 720 3616 viam
737 3551 887 3634 equidem
905 3553 1070 3635 ingressus
1085 3551 1207 3616 soribo:
1228 3552 1386 3635 ‘spiritum
1403 3551 1479 3628 dei';

351 3657 387 3716 ut
405 3655 512 3717 aulem
530 3655 637 3718 aerius
658 3655 851 3720 sententiam
876 3674 1074 3738 opponamus
1097 3656 1253 3737 sequenti,
1277 3654 1390 3719 01·dine
1411 3673 1480 3718 ver-

351 3755 465 3819 borum
488 3756 605 3820 leniter
622 3763 743 3822 mutato
763 3757 904 3822 seribere
926 3757 1037 3822 velim:
1064 3758 1193 3822 «dicens
1213 3759 1322 3822 autem
1338 3757 1480 3841 ‘spiritus

352 3857 424 3940 dei’,
447 3859 509 3923 etsi
532 3857 593 3922 dei
617 3861 808 3942 spiritum,
832 3864 940 3926 tamen
960 3881 1023 3924 non
1044 3861 1166 3925 directo
1186 3859 1281 3924 deum
1302 3861 1480 3940 nominans,

351 3963 528 4045 portionem
554 3963 652 4026 totius
676 3963 818 4044 intellegi
845 3963 953 4027 voluit.
972 4014 978 4027 .
995 4014 1001 4027 .
1020 3991 1045 4026 .»

440 4170 841 4240 Ibid.·278l25-43l16:
873 4175 933 4238 hoc
965 4177 997 4238 et
1026 4179 1152 4238 satanas
1184 4193 1258 4238 eum
1286 4173 1320 4236 in
1348 4171 1481 4257 tempta·

352 4275 493 4338 tionibus
521 4277 625 4339 novit:
655 4276 686 4339 si
714 4276 827 4339 lilius
855 4275 915 4340 dei
946 4295 999 4358 ea,
1028 4277 1088 4341 hoe
1116 4285 1149 4340 et
1172 4275 1290 4340 exinde
1314 4273 1482 4340 daemonia
