3200 4918
281 413 478 484 Quaestiones
499 413 613 474 criticus
631 413 661 474 in
678 414 875 484 Aiistophanis
894 415 1013 470 fabulas.
1174 409 1216 476 61

561 1035 662 1120 eaput
683 1035 742 1100 ΙΠ.

616 1181 688 1262 §e

171 1323 305 1388 Tertium
337 1329 390 1388 est
417 1324 454 1386 in
481 1323 666 1406 quaestione
688 1328 798 1387 nostru
820 1322 861 1387 de
884 1323 1109 1408 Austophenis
1132 1325 1218 1408 apud

103 1425 209 1489 Suidum
234 1426 399 1510 reliquiis,
429 1431 469 1492 ut
497 1425 537 1490 de
559 1426 599 1490 iis
622 1426 815 1490 disseramus
839 1425 927 1508 lecit,
956 1427 1073 1510 quibus
1096 1427 1220 1492 lexieo-

101 1529 217 1611 gmphus
239 1535 274 1593 et
296 1551 317 1593 a
340 1529 372 1593 R
397 1535 433 1593 et
457 1528 523 1592 aV
539 1529 703 1613 discrepet.
729 1531 778 1593 Ac
796 1531 937 1612 ptimum
953 1524 1090 1613 quidem
1108 1531 1133 1594 ii
1156 1531 1219 1596 loci

102 1632 289 1713 preferantur,
319 1632 446 1716 quibus
472 1631 585 1698 Suidus
609 1651 683 1700 eum
706 1651 772 1699 uno
796 1632 938 1698 alterove
962 1637 1142 1698 ceterorum
1166 1653 1220 1698 co-

102 1733 189 1798 dicum
210 1741 325 1802 conus
343 1735 406 1800 RV
425 1735 508 1798 facit
525 1736 558 1798 in
577 1740 700 1818 septem
719 1735 782 1800 illis
801 1735 1006 1836 fabulis9fflq.
1022 1737 1079 1802 Iu.
1095 1735 1155 1800 Nb.
1172 1735 1218 1800 Pl.

101 1837 208 1922 iuiip.
224 1839 301 1920 Pe),
322 1857 408 1922 quae
429 1843 465 1903 et
479 1839 514 1901 in
532 1837 560 1904 R
578 1843 611 1902 et
628 1839 663 1901 in
679 1837 709 1900 V
725 1837 859 1902 traditae
879 1843 961 1902 sunt.
985 1839 1053 1902 Iam
1073 1840 1221 1922 sequitur

101 1937 180 2004 index
200 1941 367 2008 locorum:

567 2075 739 2154 Equitum:

124 2197 168 2236 iss.
342 2175 364 2242 S
922 2173 982 2240 RV

135 2279 169 2340 35
191 2279 396 2359 προβιβάζει(
423 2297 498 2344 cum
523 2277 589 2362 M†
725 2279 941 2358 προεβιβάζειε
966 2278 1105 2358 ί-βιάζειε
1128 2280 1171 2360 Α)

132 2381 167 2444 41
191 2381 378 2462 ἀκρόχολοε
399 2400 475 2446 eum
492 2381 623 2450 ΜΑΘΓ1
681 2379 862 2460 ἀκράχολος
886 2401 910 2446 r.
936 2381 982 2446 cf.
1003 2383 1043 2446 de
1061 2382 1122 2446 hue
1141 2401 1220 2446 voce

191 2488 219 2566 (o
247 2487 282 2548 in
312 2507 338 2548 α
367 2503 459 2564 com,
487 2483 545 2548 sed
572 2503 626 2550 su·
681 2482 817 2548 Schanzi
856 2484 979 2569 Preleg.
1019 2485 1059 2549 ad
1097 2485 1220 2550 Platon.

191 2607 308 2671 persor.
330 2607 351 2650 ο
377 2586 461 2669 s²)†
680 2585 840 2652 votvm
863 2587 882 2668 ὅ
908 2590 936 2652 1.

135 2690 169 2752 tt
191 2690 432 2755 ὀκταπλαείονα
460 2709 534 2754 eum
560 2689 626 2775 Μ’(
682 2688 877 2754 ὀκταπλάεια
896 2690 932 2773 R,
957 2691 1170 2760 ὀκταπλάαον
1189 2693 1220 2757 V

226 2807 244 2844 a

191 2859 254 2940 (ev
279 2859 322 2940 A)

136 2961 170 3022 ῖ9
191 2963 235 3025 τὼ
254 2965 313 3040 μὲν
334 2958 417 3040 χεῖρ’
437 2955 532 3023 8¹⁰⁶·
552 2979 625 3022 eum
800 2962 846 3024 τὼ
871 2960 948 3042 χεῖρ’
973 2981 1045 3025 cum
1070 2963 1101 3028 A

192 3057 626 3148 ΜΗὴμὲνκεὶρὸωῒῒ)

116 3163 170 3227 239
192 3165 627 3250 Metxucutvoccumdldssis
750 3167 959 3250 ἐξῃκαεμὲνοε
984 3185 1059 3230 eum
1082 3165 1148 3230 MA

116 3265 169 3328 ‘289
191 3269 226 3330 τὸ
239 3273 352 3332 νῶτον
366 3287 445 3331 cum
458 3267 492 3331 M
505 3268 626 3333 eorud
740 3269 798 3334 τὸν
822 3275 928 3334 νῶτον
952 3270 1062 3352 (νότον
1085 3269 1157 3354 R)†

116 3367 169 3434 299
192 3371 303 3454 εοφίζῃ
329 3389 411 3434 eum
434 3367 470 3432 M
681 3373 800 3451 εοφίζει
825 3392 898 3436 eum
923 3371 950 3435 Α
975 3393 999 3434 r.
1024 3371 1070 3436 Cf.
1087 3371 1220 3438 Zeeheri

680 3475 900 3556 quaestionem
916 3475 956 3539 de
973 3475 1070 3539 alteru
1085 3495 1222 3559 persone

680 3578 760 3661 sing.
784 3577 913 3641 indicat
938 3577 1019 3642 med.
1044 3578 1077 3640 in
1107 3577 1219 3642 Philol.

681 3679 791 3764 Suppl.
811 3679 871 3744 vol.
889 3681 961 3764 VH,
989 3683 1083 3762 1899,
1110 3701 1139 3764 p.
1152 3683 1217 3745 473

680 3786 777 3848 -84,

116 3885 171 3948 406
192 3890 262 3956 πῖνε
284 3885 353 3951 πῖν’
381 3903 458 3949 cum
482 3883 515 3948 M
777 3891 847 3951 πῖνε
869 3892 940 3952 πῑνε
963 3907 1038 3952 eum
1062 3888 1124 3972 A†

117 3989 172 4051 420
193 3992 278 4065 κάγὼ
320 4008 403 4054 cum
443 3985 476 4050 M
511 3989 626 4056 omisso
681 3991 789 4066 κάγὼν
808 3989 845 4072 R,
870 3989 898 4055 κ’
915 3993 983 4066 αγώ
1003 3994 1030 4055 ’ν
1051 3990 1111 4072 V²‚
1130 3990 1219 4066 κάγὼ

193 4093 276 4178 'v††
681 4092 716 4158 ἑν
735 4095 764 4158 A
785 4095 885 4176 (κάγὼ
905 4095 932 4158 ’ν
956 4093 1174 4176 scribendum)
1202 4153 1203 4158 ,

120 4195 170 4256 519
194 4193 626 4276 ὀλίγοιεχαρίεαεθαιοιιωΜ
681 4195 799 4274 ὀλίγοι(
818 4198 902 4260 πάνυ
920 4196 968 4280 (R,
992 4197 1052 4276 ἢδη
1070 4195 1142 4278 VA)
1166 4217 1220 4275 χα-

682 4300 852 4383 ρίεαεθαιῒ
