2978 4814
228 339 229 343 ’
299 323 341 388 08
723 322 839 379 Victor
858 321 1003 390 Coulon,

322 526 379 563 m
410 603 496 667 “hue
509 621 526 666 e
539 497 668 665 vitree
682 601 836 684 migrasse

410 706 567 789 suspicari
599 703 707 783 licet'’‚
741 703 836 786 Blay-

410 809 527 875 deeius.

803 967 902 1029 Pacis
913 989 919 1028 :

322 1111 385 1172 542
410 1110 541 1173 κυάθοις
565 1110 783 1186 προςκείμεναι
891 1110 1032 1174 κυάθου(
1071 1110 1291 1188 προςκείμεναι
1332 1107 1428 1191 (ίάοιυ

411 1232 485 1277 eum
508 1212 535 1275 B
559 1211 631 1275 Ald.
890 1207 951 1275 SOV
966 1208 1037 1294 Med·)
1060 1231 1084 1274 r.
1124 1211 1170 1275 Gt.
1187 1211 1323 1276 similem
1354 1230 1428 1275 con·

890 1315 1099 1383 structionem
1115 1314 1144 1380 N
1146 1315 1175 1379 b.
1190 1316 1231 1379 72
1252 1317 1284 1378 et
1302 1314 1357 1380 lle.
1370 1314 1426 1381 80:

892 1422 1047 1497 διφθέραν
1082 1419 1257 1498 ἐνημμένος
1293 1437 1351 1501 ρτο
1385 1422 1428 1481 δι-

891 1523 1016 1601 φθέραν
1040 1521 1124 1601 ἔχων
1149 1522 1332 1601 ἐνημμένην.

322 1626 387 1689 628
411 1627 586 1704 κορώνεων
614 1645 688 1688 cum
712 1624 739 1687 Β
764 1624 835 1688 Ald.
1044 1625 1283 1709 roodvu10v††

322 1731 386 1793 640
410 1732 526 1809 φρονεῖ
548 1748 622 1792 eum
646 1728 673 1791 Β
696 1728 768 1792 Ald.
1075 1728 1250 1811 ooovoi††

301 1834 385 1896 1029
412 1834 516 1897 ὁπόςα
540 1853 615 1896 oum
638 1831 663 1894 B
689 1831 759 1895 Ald.
1053 1830 1146 1896 ὁπός’
1172 1829 1268 1914 άντηι

301 1938 385 2001 1031
411 1938 504 2016 quecui
517 1938 566 1999 καὶ
581 1937 643 2017 (καί
655 1928 837 1999 omem
952 1937 1044 2014 φρενὶ
1067 1935 1192 2018 πορίμῳ
1216 1955 1249 1998 τε
1272 1936 1374 2017 τάλμη

410 2036 482 2119 uon.)
527 2040 652 2121 πορίμῳ
699 2037 836 2120 τόλμῃ]ι

411 2142 501 2207 Idem
525 2141 552 2205 B
575 2141 657 2224 tid,
681 2141 736 2205 sed
761 2141 837 2205 erti-

411 2245 484 2310 culo
507 2251 544 2328 τῇ
568 2251 641 2308 ente
664 2246 765 2328 τόλμῃ
789 2244 837 2306 in·

411 2351 504 2412 serto.

825 2517 897 2597 §e

390 2661 457 2726 Iam
482 2659 521 2724 de
540 2661 580 2723 iis
597 2659 773 2725 disseratur
787 2659 875 2740 locis,
901 2680 981 2742 quos
997 2662 1148 2724 asterisco
1165 2660 1428 2743 significavimus.

390 2763 427 2826 In
452 2763 480 2826 N
489 2763 616 2827 ubium
641 2784 669 2827 ν.
687 2765 751 2828 876
771 2763 951 2843 scribendo,
969 2762 1150 2845 queis.
1168 2784 1196 2825 ν.
1212 2764 1366 2827 τάλαντος
1383 2763 1430 2826 sic

300 2869 436 2951 profert:
463 2869 560 2931 καίτοι
579 2869 734 2931 ταλάντου
750 2867 837 2931 τοῦτ’
854 2867 969 2944 ἔμαθεν
986 2868 1181 2946 Ὑπέρβολος
1198 2869 1341 2949 itemque
1361 2886 1384 2930 a
1402 2887 1429 2930 v.

301 2971 538 3048 ἀναπειςτηρίαν
558 2970 615 3033 sed
635 2970 724 3048 ἔμαθ’
744 2990 801 3053 pro
825 2971 950 3050 ἔμαθεν,
975 2990 1048 3033 eum
1073 2969 1131 3033 RV
1151 2969 1341 3052 praebeant:
1367 2972 1430 3033 καί·

299 3094 348 3137 τοι
370 3093 407 3148 γε
430 3076 494 3136 ταλ.
512 3077 583 3153 κτλ,
608 3072 745 3136 editores
761 3075 795 3136 iu
812 3073 954 3137 diversas
970 3079 1075 3156 partes
1092 3072 1269 3136 discedunt.
1294 3071 1330 3135 G.
1347 3072 1431 3136 Her·

301 3197 438 3240 mannus
461 3177 631 3241 lectionem
656 3177 714 3240 RV
734 3177 904 3259 amplexus
929 3183 993 3255 est3
1019 3175 1181 3240 Porsonus
1200 3175 1239 3240 ad
1260 3175 1335 3240 Eur.
1351 3175 1429 3239 Hee.

300 3301 329 3343 v.
349 3282 434 3343 1206
464 3282 561 3344 καίτοι
589 3281 745 3344 ταλάντου
773 3282 872 3344 τοῦτό
901 3280 930 3354 γ’
954 3279 1044 3359 ἔμαθ’
1069 3279 1264 3358 Ὑπέρβολος
1289 3278 1429 3343 scribere

300 3384 473 3468 proposuit,
503 3403 575 3447 oum
605 3383 644 3446 ud
669 3383 744 3449 Eur.
767 3382 911 3447 Medeam
939 3384 1018 3447 haec
1042 3383 1223 3446 adnotaret:
1250 3382 1430 3446 “Existimo

302 3490 417 3553 Atticis
441 3507 505 3550 nou
529 3487 659 3551 licuisse
683 3508 719 3562 γε
742 3494 814 3570 post
835 3509 885 3551 τοι
909 3506 1028 3570 ponere
1048 3487 1109 3550 nisi
1130 3487 1191 3550 ulio
1209 3484 1363 3549 vocabulo
1383 3486 1431 3546 iu·

300 3593 450 3669 teriecto;
477 3591 683 3672 exceptiones
706 3596 782 3653 sunt
798 3598 883 3655 certe
899 3590 1108 3675 perpaucae'’.
1133 3589 1246 3671 Neque
1264 3607 1338 3651 vero
1358 3607 1431 3670 pro-

302 3696 423 3758 nomini
447 3697 555 3771 τοῦτο,
580 3693 635 3756 sed
660 3695 781 3757 nomini
806 3696 964 3758 ταλάντου
990 3695 1165 3757 οοανουίτο
1189 3691 1379 3775 particulam
1396 3710 1432 3764 γε

302 3798 462 3879 Reisigius
482 3797 514 3858 in
535 3795 623 3858 θοαί.
644 3817 673 3878 p.
691 3799 732 3858 05
758 3799 914 3878 sagaciter
932 3798 1090 3880 exposuit.
1115 3796 1177 3872 Qui
1196 3795 1215 3859 l.
1231 3795 1251 3858 l.
1268 3814 1331 3858 nen
1349 3793 1432 3857 male

302 3903 399 3964 καίτοι
422 3902 579 3963 ταλάντου
603 3899 632 3973 γ’
649 3899 717 3963 αὔτ’
741 3904 795 3982 (sc.
813 3901 987 3978 ἀπάφευξιν
1009 3902 1094 3978 δίκης
1114 3902 1163 3963 καί
1183 3900 1299 3978 κλῆςιν)
1315 3898 1432 3975 ἔμαθεν

302 4003 493 4080 Ὑρέρβολος
518 4001 723 4065 scribendum
749 4022 818 4066 esse
843 4002 981 4065 coniecit
1006 4002 1128 4066 collatis
1152 4001 1208 4065 Ra.
1225 4003 1290 4064 488
1308 3998 1432 4064 οὔκουν

302 4108 410 4184 ἕτερός
427 4105 456 4180 γ’
474 4105 541 4169 αὔτ’
559 4106 712 4183 είργάςατ’
730 4108 809 4183 ἀνήρ
831 4109 862 4169 et
880 4104 939 4168 Nb.
954 4106 1016 4168 001
1039 4105 1107 4170 ἀλλ’
1125 4106 1296 4182 ἀνατρέψω
1316 4102 1345 4176 γ’
1362 4100 1431 4165 οὔτ’

303 4209 481 4283 ἀντιλέγων.
518 4208 607 4272 Haec
631 4209 762 4290 Reisigii
795 4208 926 4271 mutatio
951 4216 1036 4270 certe
1066 4207 1261 4290 probabilior
1284 4210 1333 4270 est
1355 4204 1433 4269 Por·
