2932 4800
48 363 193 432 Epistulae
206 364 362 419 amatoriae
375 364 516 434 quomodo
532 365 703 420 cohaereant
717 381 780 419 cum
796 365 892 435 elegiis
902 366 1108 421 Alexandrinis.
1141 360 1181 424 13

139 527 1183 623 83113111113333311131333111111113111131131113111311133113-

46 639 280 720 1113111111113
288 638 649 722 libello¹)Leonisillam
657 640 1182 725 sententiaminlriugereconatur,

46 762 113 825 qua
144 742 199 807 ille
228 743 315 807 inter
343 763 461 806 novam
491 743 740 807 Atheniensium
771 744 969 808 comoediam
1000 747 1033 808 31
1063 744 1182 828 elegias

45 845 268 910 Romanorum
280 845 416 929 elegiam
425 845 679 910 Alexandrinam
689 847 912 911 intercessisse
924 850 1086 912 statuerat.
1103 848 1183 912 Veri

46 948 206 1013 dissimile
223 949 277 1013 ille
293 948 421 1013 dixerat
436 952 483 1013 tot
499 949 579 1014 locis
589 950 750 1014 Romanos
767 953 876 1034 poetas
888 951 974 1034 ipsas
991 951 1182 1034 comoediae,
1199 1015 1204 1027 ,

47 1054 111 1117 hoc
127 1058 178 1117 est
192 1052 288 1136 longe
307 1051 395 1116 aliud
411 1072 546 1137 poeseos
562 1072 674 1136 genus,
690 1053 881 1137 inspexisse.
905 1053 944 1117 ld
959 1054 1060 1137 igitur
1076 1055 1183 1138 ipsum
1212 1139 1215 1146 .

46 1154 322 1219 Reitzensteinius
340 1154 502 1237 explicare
518 1154 628 1219 studet
648 1156 776 1238 1133313,
793 1159 949 1239 quantum
965 1158 1111 1222 rhetores
1127 1158 1183 1222 illa

47 1264 152 1323 aetate
172 1259 221 1321 his
241 1257 417 1322 comoediis
436 1258 617 1342 tribuerint,
642 1269 864 1342 quantumque
882 1262 917 1323 in
936 1261 1099 1344 fingendis
1119 1261 1182 1326 ele-

46 1363 174 1445 giarum
194 1361 391 1444 argumentis
414 1369 526 1446 poetae
545 1362 681 1426 Romani
705 1363 870 1427 rhetomm
889 1367 1059 1455 praecepta
1078 1365 1182 1429 secuti

48 1467 123 1530 sint.
147 1465 228 1530 Inde
245 1485 315 1530 eam
332 1486 461 1550 quoque
477 1466 722 1531 similitudinem
736 1467 898 1550 explicari,
915 1487 998 1550 quae
1012 1467 1098 1533 haud
1110 1488 1182 1534 raro

48 1571 135 1634 inter
154 1570 363 1653 epistularum
387 1571 560 1654 scriptores
585 1570 693 1634 ethos
716 1569 895 1635 intercedat
919 1577 1036 1653 poetas.
1067 1571 1183 1636 Remo·

50 1673 173 1737 vendas
202 1692 272 1737 esse
296 1693 315 1735 a
338 1673 508 1757 principali
535 1673 590 1736 illa
620 1673 806 1756 quaestione
834 1692 872 1737 33
896 1676 1040 1738 earmina
1063 1694 1182 1757 easque

50 1776 176 1840 solutae
201 1777 354 1840 orationis
378 1776 637 1860 scriptiunculis
666 1795 748 1858 quae
772 1776 948 1840 concinant
970 1796 1045 1840 cunr
1069 1777 1183 1860 primis

51 1880 217 1944 rhetorum
252 1879 548 1961 exercitationibus
587 1898 670 1962 quae
704 1881 986 1962 progymnasmata
1019 1878 1183 1944 dicuutur.

49 1981 141 2046 Haec
156 1982 256 2063 igitur
271 1983 609 2064 praeexercitamenta,
626 2000 763 2064 quorum
780 2000 900 2064 genera
915 1984 1083 2045 enumerat
1098 1980 1184 2065 apud

50 2084 191 2149 Graecos
208 2084 338 2166 Theo²),
358 2104 455 2167 quem
474 2084 740 2148 Wilamowitaius
752 2087 778 2165 ³)
797 2085 900 2167 primo
924 2104 953 2167 p.
971 2083 1044 2147 Chr.
1061 2105 1091 2147 u.
1113 2104 1183 2150 sae·

50 2187 124 2252 culo
142 2186 297 2269 attribuit,
315 2188 493 2270 antiquitus
514 2187 630 2250 usitata
649 2206 720 2251 esse
742 2189 836 2250 etiam
855 2187 1061 2266 Suetonius⁴l
1080 2186 1184 2269 docet,

50 2292 118 2373 etsi,
133 2311 209 2355 cum
221 2310 347 2354 omnem
362 2291 597 2354 iustitutionem
608 2290 776 2353 oratoriam
789 2289 827 2352 ab
840 2289 904 2352 illis
917 2290 1045 2353 initium
1059 2291 1183 2373 cepisse

51 2395 131 2458 etin
148 2394 214 2457 illis
231 2394 413 2458 constitisse
429 2394 579 2475 affirmat,
598 2392 729 2457 Latinos
746 2393 847 2476 magis
864 2413 961 2475 quam
977 2393 1117 2458 Graecos
1134 2413 1183 2458 re-

49 2499 197 2581 spexisse
213 2497 341 2563 videtur
354 2498 406 2579 (ci.
415 2496 455 2561 de
465 2496 647 2561 rhetoribus
657 2517 724 2580 cap.
735 2497 767 2560 I:
781 2496 865 2560 ‘uam
879 2499 912 2561 et
924 2497 1011 2561 dicta
1019 2497 1182 2580 praeclare

48 2620 108 2685 per
124 2619 236 2664 omnes
252 2600 385 2683 figuras,
402 2620 460 2683 per
477 2619 571 2664 33313
589 2599 1110 2683 313131313331113131113311131
1126 2619 1183 2664 ex·

48 2723 181 2788 ponere,
207 2707 238 2767 31
260 2704 460 2768 narrationes
484 2724 558 2769 cum
581 2704 722 2768 breviter
745 2723 783 2767 33
805 2723 916 2788 presse
938 2706 1006 2768 tum
1030 2703 1126 2767 latius
1151 2705 1184 2768 et

48 2807 184 2871 uberius
209 2806 372 2890 explicare
406 2811 616 2887 consuerant3
648 2807 809 2871 interdum
837 2807 1032 2872 Graecorum
1063 2807 1182 2890 scripta

50 2914 248 2991 convertere,
267 2929 305 2973 ac
324 2911 409 2973 viros
428 2910 569 2974 illustres
585 2908 715 2974 laudare
737 2909 786 2973 vel
807 2909 1004 2993 vituperare;
1025 2909 1183 2991 quaedam

49 3015 147 3079 etiam
171 3012 210 3077 ad
234 3032 329 3077 usum
351 3014 532 3078 communis
550 3015 635 3078 vitae
653 3013 800 3076 instituta
819 3015 887 3076 tum
907 3012 997 3076 utilia
1020 3020 1051 3077 et
1071 3032 1183 3078 ueces-

49 3119 144 3198 saria,
163 3122 231 3180 tum
251 3116 433 3200 peruiciosa
448 3122 480 3181 et
496 3136 734 3200 supervacanea
750 3116 936 3194 ostendere3
954 3135 1048 3200 saepe
1064 3115 1182 3180 fabulis

146 3291 164 3360 ¹)
183 3292 215 3345 R.
235 3290 442 3358 Reitzenstein,
472 3289 687 3345 Hellenistische
716 3289 1044 3359 Wundererztthlungen,
1069 3288 1182 3359 Leipzig

50 3377 130 3442 1906,
150 3392 176 3445 p.
187 3376 237 3430 152
248 3392 307 3446 sqq.

141 3467 162 3535 ²)
181 3465 293 3520 Genera
321 3468 600 3535 progymnasmatum
630 3467 778 3518 enumerat
807 3463 882 3517 Theo
911 3463 1012 3531 (welz,
1043 3464 1181 3519 Rhetores

50 3552 144 3622 graeci
168 3551 179 3605 l
205 3568 231 3620 p.
247 3551 298 3605 145
313 3567 386 3620 sqq,
410 3551 543 3619 Spengel,
567 3549 705 3604 Rhetores
729 3548 823 3618 graeci
849 3549 871 3603 ll
899 3565 925 3617 p.
944 3549 980 3602 119
994 3549 1066 3618 sqq.)
1092 3549 1178 3603 haec:

53 3641 154 3704 μῦθοε,
178 3638 315 3704 διήγημα,
339 3635 428 3704 χρεία,
452 3636 589 3702 evoment
609 3634 653 3687 καὶ
672 3635 834 3700 καταεκευή,
853 3634 952 3701 τόπος,
973 3634 1114 3698 ἐγκώμιον
1133 3632 1181 3687 καὶ

51 3724 158 3791 ψόγοι,
187 3723 335 3788 (braetot,
362 3719 596 3788 προεωποποιία,
623 3721 769 3786 inpectis,
796 3720 881 3786 θέεις,
907 3720 1009 3787 νόμος,
1036 3735 1051 3772 3
1078 3718 1181 3788 quibus

51 3810 652 3882 1111111113113111311111133131311319),
676 3809 800 3877 tabulas,
824 3809 994 3875 sententias,
1019 3808 1055 3863 de
1079 3808 1180 3877 quibus

51 3904 127 3959 Theo
137 3902 221 3957 simul
231 3917 293 3957 cum
304 3900 390 3955 chriis
399 3900 456 3971 agit
466 3900 555 3969 (Walz
564 3901 581 3955 l.
592 3900 609 3953 l.
621 3901 630 3954 l
644 3916 671 3969 p.
681 3899 742 3967 201,
753 3899 873 3968 Spengel
883 3899 900 3951 l.
911 3898 928 3951 l.
940 3899 962 3952 ll
975 3915 1001 3967 p.
1012 3899 1066 3965 96),
1078 3898 1180 3966 chrias,

51 3993 207 4063 ethologias
226 3991 472 4060 grammaticorum
496 3990 601 4045 scholis
624 3988 790 4045 tractandas
809 3987 953 4057 adscribit,
972 3993 1068 4043 cetera
1086 3988 1180 4043 rheto-

52 4083 130 4138 ribus
148 4082 207 4149 111.
226 4082 247 4134 ll
264 4081 294 4150 4)
313 4085 450 4135 reservat.

141 4173 164 4242 8)
183 4172 300 4225 Hermes
318 4171 354 4224 35
373 4171 464 4238 (1900)
485 4186 510 4238 p.
525 4170 550 4224 6.
564 4168 589 4224 7.

142 4263 164 4333 ⁴)
182 4261 222 4315 De
241 4259 401 4316 rhetoribus
420 4276 482 4329 cap.
496 4260 515 4314 l.
