3200 4918
339 417 534 487 Quaestiones
551 419 665 474 criticae
682 418 713 474 in
731 419 930 490 Aristophanis
950 420 1068 476 tabulas.
1228 415 1270 480 25

591 627 816 707 Lysistretee:

144 755 201 792 res.
307 727 500 795 S—BCLA
987 731 1015 796 R

148 835 212 898 156
235 834 437 912 παρενιδὼν
809 836 991 912 παρευιδῶν
1015 854 1090 900 cum
1113 833 1195 920 L††

152 938 215 1000 116
240 933 505 1019 ῥυχάχετονῇς
523 933 677 1014 ῥυάχετον
879 937 1129 1024 ῥιπχάχετονῆ

241 1037 391 1104 editores
405 1057 447 1102 ex
460 1036 534 1101 Ηοο.
545 1042 577 1101 et
586 1035 677 1102 Phor„

242 1161 269 1208 s,
288 1163 318 1206 τ.
335 1141 558 1205 restituerunt

156 1247 218 1310 291
243 1249 291 1310 τῶ
311 1245 398 1312 ξύλω
732 1249 789 1310 τῶι
819 1245 914 1312 Ξύλω·
932 1251 1024 1330 (οοιτ.
1048 1267 1090 1312 ex
1120 1250 1272 1334 ξυλῶλῇ

159 1351 219 1413 361
244 1349 431 1428 πλεύμονας
454 1367 478 1410 r.
503 1345 548 1410 Of.
565 1345 606 1410 ad
622 1345 677 1410 Re.
911 1352 1093 1430 πνεύμονας

246 1453 314 1514 474
338 1469 368 1534 p.
387 1451 430 1512 14

160 1557 221 1617 411
246 1557 342 1620 πιέζει
928 1558 1079 1642 wiclefi

161 1659 225 1722 448
248 1657 398 1722 ἐκκοκκιῶ
411 1658 562 1740 (ἐκκωκιῶ
576 1651 678 1738 ΒΜ)
849 1658 980 1723 ἐκκοκιῶ
1005 1679 1077 1724 cum
1103 1659 1159 1746 C†

163 1763 226 1824 458
250 1763 490 1838 ςκοροδοπανδ-
891 1765 1118 1848 ςκοροπανὶι-ιι

164 1863 226 1926 506
248 1866 331 1942 γραῦ
355 1869 448 1946 cauri]

165 1965 226 2027 549
249 1969 355 2042 τηθῶν

165 2069 227 2130 553
252 2069 464 2146 ῥοπαλιςμοὺς
798 2067 978 2146 ῥοπαλιμοις
1001 2073 1072 2152 (sic)
1095 2071 1139 2136 R¹

798 2169 990 2248 ῥοπαλιμοὺς
1014 2173 1059 2238 R’
1170 2131 1219 2215 ἡ

166 2275 227 2337 561
252 2273 302 2354 ἐφ’
319 2277 418 2340 ἵππου
887 2273 940 2354 ἐφ’
962 2277 1120 2362 ἵππονῇ

167 2376 227 2438 517
251 2379 418 2443 πιλοῦντας
444 2379 544 2456 (πωλ-
734 2378 898 2457 θλίβοντας
927 2377 967 2462 gl.
1000 2398 1040 2444 ex
1072 2381 1193 2446 scholio
1223 2385 1273 2446 καὶ

251 2477 419 2564 BcA¹††)
733 2483 906 2546 πιλοῦντας
934 2483 1009 2547 τοὺς
1040 2485 1203 2562 θλίβονιας
1231 2483 1273 2550 εἰς

733 2584 955 2660 τὴνπολιτείαν
966 2585 1099 2650 ἑαυτοὺς
1107 2588 1141 2650 in
1149 2590 1274 2652 textum

734 2685 867 2750 illatum.

169 2789 229 2852 656
252 2789 315 2869 άρο
337 2827 379 2838 -
404 2791 485 2855 ἐςτιν
861 2789 923 2870 ἄρα
946 2827 988 2836 -
1014 2791 1152 2874 {aivi-i

168 2893 228 2956 700
250 2899 287 2975 τῇ
310 2894 431 2978 Ἑκάτῃ,
455 2891 543 2976 quod
564 2892 681 2976 θήκάτῃ
905 2898 953 2972 τῆι
976 2895 1109 2980 idmst

252 2996 426 3080 legendum
451 3002 507 3061 est.

167 3100 226 3162 791
251 3099 308 3162 τιν’
866 3099 922 3164 τίν’
940 3120 1013 3164 cum
1038 3099 1091 3165 BC
1102 3101 1150 3182 τά

166 3203 227 3265 795
251 3203 339 3280 ἡμεῖς
363 3203 393 3266 δ’
410 3199 511 3285 praei.
938 3203 1024 3282 ἡμεῖς
1046 3203 1073 3267 τ’

165 3305 226 3369 983
251 3305 396 3384 κυρςάνιε
835 3307 995 3384 κυρςάνειε
1018 3305 1046 3370 R
1071 3307 1182 3390 corr.†

145 3409 226 3472 1039
251 3410 501 3486 πανωλέθροιςιν
871 3411 1142 3495 πανολέθροιςινῦ

145 3513 226 3576 1073
251 3513 379 3591 ἔχοντες
914 3511 1103 3596 ἔχοντας’ρῦ

673 3655 749 3734 §ie

224 3787 293 3852 Iam
316 3786 358 3850 ed
383 3805 441 3851 eos
460 3785 552 3850 loeos
570 3783 751 3848 tractandos
770 3782 999 3867 aggrediamur,
1024 3805 1105 3868 quos
1124 3785 1276 3850 asterisco

140 3891 324 3955 notavimus
353 3892 467 3972 Atque
493 3907 569 3952 eum
593 3885 632 3951 de
654 3886 712 3969 Eq.
737 3891 770 3950 et
791 3885 847 3950 Ra.
871 3887 1019 3952 versibus
1041 3887 1172 3971 prolatis
1197 3887 1278 3950 nihil

139 3993 304 4058 dieendum
334 3991 433 4056 nobis
462 3990 515 4070 sit,
545 3987 750 4052 aNubium
779 3988 888 4054 fabula
911 3990 1082 4055 ordiemur.
1118 3991 1219 4055 Cuius
1243 3992 1277 4054 in

2 4137 12 4166 ι
136 4117 160 4162 τ.
173 4099 231 4162 371
253 4099 353 4162 καίτοι
369 4098 458 4176 χρῆν
475 4092 599 4170 αἰθρίας
615 4091 681 4156 ῦειν
697 4092 804 4174 αὐτόν,
820 4095 934 4158 ταύτας
950 4094 979 4158 δ’
993 4095 1166 4172 ἀποδημεῖν
1179 4093 1277 4158 s-V

134 4207 353 4286 peceaverunt,
384 4217 469 4265 cum
499 4200 573 4278 post
599 4194 720 4274 αἰθρίας
747 4194 905 4278 glossema
933 4195 1027 4276 οῦςης
1050 4203 1151 4260 metro
1174 4197 1277 4260 invito

134 4309 299 4374 intextum
318 4304 526 4389 reciperent
551 4297 596 4362 cf.
613 4297 658 4362 Pl.
676 4299 751 4381 516,
774 4298 831 4362 ubi
854 4299 1001 4364 similiter
1022 4301 1058 4363 in
1074 4299 1103 4361 V
1120 4303 1192 4384 post
1206 4300 1278 4378 ὑμῖν
