3096 4924
273 381 462 451 Quaestiones
483 384 600 440 criticae
620 381 649 436 iu
667 380 863 451 Aristophanis
883 383 1005 439 tabulas.
1144 379 1205 444 167

93 557 140 615 88.
170 555 268 619 Unum
289 557 457 641 Euripidis
487 558 592 622 affero
614 555 729 636 locum,
758 553 868 638 Suppl.
888 557 951 619 441
977 560 1049 622 πῶς
1079 558 1139 622 οὖν
1163 559 1206 623 ἔτ’

93 659 128 720 ἂν
152 658 253 732 γένοπ’
273 659 312 724 ἂν
337 661 451 740 ἰςχυρὰ
480 662 581 742 πόλις,
611 657 649 722 ad
678 677 773 740 quem
803 658 1031 742 Aristophanis
1064 662 1123 724 Αν.
1141 663 1205 725 829

92 779 179 843 supra
196 769 455 827 commemoratus
474 763 638 847 respicere
656 760 791 825 videtur.
823 760 973 826 Ceterum
994 762 1067 826 vide
1087 763 1126 828 de
1147 765 1208 829 hoo

93 866 242 947 Ἀττικιςμῷ
265 865 514 948 Guil.Sch1uid‚
539 867 728 930 Atticismus
744 864 769 946 I,
794 865 860 927 244
884 868 918 929 et
937 865 995 947 lv,
1016 868 1090 930 619.

171 966 206 1030 ln
222 969 355 1032 Arium
374 991 404 1032 v.
424 971 491 1034 672
517 969 634 1048 ῥύῐχος
657 967 828 1047 ὀβελίςκοιν
847 967 911 1047 ἔχει
935 967 1040 1032 dualis
1060 969 1088 1034 R
1111 969 1205 1034 scho-

90 1071 252 1154 liorumque
267 1071 439 1152 ὀβελίςκοιν
456 1073 577 1157 plurali
598 1071 625 1133 V
649 1072 818 1150 όβελίςκων
833 1071 1044 1154 praeferenda
1066 1077 1123 1136 est.
1152 1073 1206 1138 Sic

91 1175 165 1236 enim
198 1179 339 1240 accurate
370 1177 569 1260 exprimitur
602 1174 727 1240 duabus
762 1174 862 1237 hastis
893 1179 1032 1238 rostrum
1063 1175 1203 1258 formeri,

91 1296 143 1358 ιμιο
165 1276 216 1340 ille
237 1277 355 1360 histrio,
385 1279 442 1361 qui
466 1279 626 1343 lusciniae
648 1279 755 1361 partes
779 1276 901 1360 agebat,
925 1278 1104 1342 instructus
1128 1281 1203 1342 erat.

93 1381 134 1442 lc
154 1399 191 1443 ne
213 1382 281 1462 quis
304 1402 381 1444 curn
400 1381 600 1464 uyrwhitm,
624 1381 681 1464 qui
705 1379 821 1459 ῥύγχος
841 1380 1011 1459 ὀβελὶςκιον
1029 1381 1208 1465 proposuit,

91 1484 118 1544 in
140 1485 369 1548 constmotione
394 1484 514 1564 ῥύγχος
537 1485 709 1564 ὀβελίςκοιν
733 1482 925 1565 offendatur,
954 1483 1122 1547 afferimus
1146 1487 1206 1550 Av.

94 1587 147 1648 686
172 1588 330 1666 πλάςματα
358 1592 476 1670 πηλοῦ,
504 1588 583 1652 Ach.
601 1589 665 1651 992
693 1587 851 1666 ςτέφανος
884 1587 1041 1670 ἀνθέμων,
1072 1587 1124 1652 Is.
1142 1589 1204 1652 647

93 1689 210 1768 ἰτχόόιυν
237 1690 397 1772 όρμαθὸν,
428 1691 477 1754 Pl.
495 1691 558 1754 586
587 1692 712 1754 κοτίνου
743 1690 898 1774 ςτεφάνῳ,
928 1691 991 1753 765
1022 1695 1207 1770 κριβανιτῶν

94 1793 142 1868 ῥὶς
161 1813 213 1875 pro
236 1792 327 1857 codd.
343 1794 485 1858 lectione
509 1796 711 1873 κριβανωτῶν
731 1791 938 1856 scribendum
957 1799 1014 1874 cst
1038 1797 1075 1856 ut
1098 1799 1208 1877 postea

95 1895 245 1978 increpitis
267 1895 314 1958 IV
336 1897 415 1978 §12
440 1897 475 1960 in
499 1896 545 1960 Pl.
564 1897 628 1960 765
652 1895 818 1960 tractando
843 1895 1040 1976 videbimus)
1065 1897 1207 1980 ὁρμαθῷ,

97 1997 142 2080 tp.
156 1999 214 2061 475
233 1998 395 2076 κρόςπεδα
412 2000 602 2080 στεμμάτων,
620 1999 706 2062 1144
726 1999 843 2078 κρόκης
862 1999 954 2080 χόλιξ,
971 1999 1026 2062 ubi
1044 1999 1207 2081 genitivus

95 2103 222 2165 maenae
243 2121 304 2185 pro
328 2103 364 2166 ἐκ
389 2123 464 2166 cum
487 2102 630 2184 genitivo
654 2101 825 2165 invenitur.
858 2101 904 2165 of.
922 2102 1018 2165 etiam
1037 2101 1207 2173 Kuehner-

97 2203 175 2266 uerte
198 2205 246 2267 Gr.
264 2205 320 2267 Gr.
338 2204 386 2268 ΙΙι
407 2209 426 2286 ς’
445 2207 521 2286 414,
547 2207 600 2287 le,
625 2225 653 2288 p.
671 2206 736 2268 333
761 2207 794 2268 et
817 2205 953 2286 64026,
977 2225 1006 2288 p.
1024 2205 1098 2268 264.

168 2307 202 2370 ln
223 2309 537 2372 Acharnensium
560 2327 587 2370 ν.
610 2309 675 2371 336
700 2308 826 2372 ἀπολεῖς
854 2307 916 2387 ἄρα
939 2309 994 2372 τὸν
1019 2307 1060 2390 (θ’
1082 2307 1152 2372 οόό.
1172 2308 1207 2371 in

98 2407 194 2474 lisec.
215 2410 338 2490 Herw.)
367 2412 457 2488 ἥλικα
488 2409 574 2492 (Ros
602 2411 714 2488 schol,
745 2409 808 2488 ἄρα
839 2411 868 2475 θ’
888 2413 978 2488 ἥλικα
1009 2411 1081 2491 ΒΔ)
1111 2412 1207 2476 τόνδε

98 2515 289 2592 φιλανθρακέα
317 2512 510 2578 Dindoriius
538 2513 657 2597 aliique
685 2513 823 2578 editores
851 2515 1028 2598 Reisigium
1056 2515 1157 2595 (Coni.
1177 2534 1206 2598 p.

98 2615 157 2692 21⁰)
176 2617 271 2680 secuti
302 2614 355 2696 ἄρ’
372 2616 507 2694 ὁμήλικα
530 2636 587 2700 ρτο
611 2616 759 2681 codicum
781 2617 975 2682 lectionibus
999 2619 1206 2700 scripserunt

97 2714 188 2800 iruna
208 2739 287 2783 vero
305 2718 580 2800 acquiescendum
604 2718 773 2784 videbatur
792 2719 913 2784 criticis
937 2721 970 2782 in
992 2720 1051 2783 hac
1069 2719 1206 2804 Reisigii

100 2822 262 2885 coniectura
309 2821 395 2886 Nam
437 2827 661 2905 praeterquam
703 2821 790 2904 quod
824 2843 842 2885 a
877 2821 1001 2885 traditis
1038 2822 1207 2905 scripturis

101 2923 204 3006 resedit
222 2927 318 2990 eiiam
337 2924 515 2989 verendum
535 2931 590 3008 est,
609 2927 646 2989 ut
664 2925 822 3008 choragus
842 2923 971 2989 corbem
988 2923 1207 2988 carbonariam

101 3026 236 3106 aequalem
259 3027 392 3091 dixerit
425 3027 599 3111 Propterea
622 3027 780 3111 Bergkius
804 3046 870 3090 non
893 3027 975 3090 male
1000 3027 1051 3105 ἄρ’
1069 3027 1205 3106 ἀφήλικα

103 3129 220 3193 coniecit.
256 3130 320 3196 Sed
352 3130 458 3194 multo
489 3131 589 3214 magis
619 3151 714 3213 quam
747 3129 878 3213 Bergkii
910 3131 1095 3193 coniectura
1126 3129 1205 3192 mihi

103 3230 196 3295 arridet
216 3233 255 3310 id,
277 3233 367 3317 quod
393 3233 578 3298 Meinelrius
601 3235 635 3297 iu
659 3232 755 3296 Vind.
772 3235 827 3297 Ar.
844 3253 872 3316 p.
890 3237 909 3296 8
934 3233 1108 3317 proposuit.
1134 3232 1206 3309 Quo

104 3329 157 3395 loco
177 3337 221 3398 rir
240 3337 291 3403 ille
310 3337 524 3402 doctissimus
542 3357 600 3420 pro
619 3336 729 3400 subtili
748 3355 806 3400 suo
825 3337 955 3420 ingenio
973 3355 1084 3401 vocem
1100 3337 1208 3414 nilum

104 3430 208 3518 Bergiii
234 3441 405 3504 mutationi
436 3439 586 3522 ἀφήλικα,
617 3440 651 3502 in
682 3459 776 3522 quam
809 3440 878 3524 ipse
909 3459 1036 3522 quoque
1067 3441 1207 3523 primum

105 3533 239 3622 inciderat,
261 3545 446 3627 oppositam
468 3543 622 3624 potiorem
646 3561 716 3608 esse
739 3544 874 3625 monuit,
899 3545 935 3606 ut
958 3542 1056 3606 verba
1080 3541 1207 3606 ἀπολεῖς

105 3634 264 3720 cimitirio
283 3647 383 3711 τόνδε
408 3647 626 3726 φιλανθρακέα
649 3646 684 3708 in
709 3645 796 3708 hunc
818 3644 886 3710 fere
905 3644 1035 3709 modum
1056 3643 1208 3708 vertenda

106 3749 202 3806 sent:
222 3745 314 3813 Hunc
337 3746 488 3813 tantulae
506 3747 616 3812 aetatis
636 3748 858 3814 carbonarium
880 3748 1062 3832 perditurus
1082 3767 1124 3811 es.
1153 3746 1208 3810 Sic

107 3847 130 3902 et
144 3851 300 3916 sententiae
318 3859 351 3916 et
370 3851 527 3932 numeris
547 3852 602 3934 qui
615 3851 722 3916 versui
740 3852 803 3915 285
824 3855 856 3916 ςέ
876 3857 931 3932 μέν
951 3853 1011 3916 οὖν
1024 3850 1208 3915 καταλεύςο-

109 3964 158 4023 μεν,
177 3948 200 4011 ὦ
220 3957 307 4033 μιαρὰ
330 3953 460 4034 κεφαλὴ
485 3953 686 4037 respondent,
710 3956 829 4038 optimc
853 3955 1040 4020 consulitur.
