3248 4910
806 401 842 458 M.
861 403 1084 473 Heinemann,

436 570 564 656 Mulier,
595 592 677 656 quae
704 593 738 639 se
763 593 920 657 suamque
942 579 1079 641 aetatem
1102 577 1236 661 speruit,
1270 577 1410 661 speculo
1441 578 1474 644 ei
1595 563 1596 654 ᾗ

1134 681 1260 754 usu<s>
1285 682 1345 741 est
1371 714 1418 724 -—

436 772 501 839 Suo
535 775 656 858 quique
690 776 760 842 loeo
796 775 939 860 (uideni)
972 775 1108 861 capillus
1139 780 1216 844 satis
1248 781 1471 864 compositust

1134 878 1325 943 commode?
1348 915 1396 926 —

435 975 502 1040 Ubi
516 979 553 1040 tu
570 977 736 1042 commoda
752 977 785 1061 ’s,
799 978 950 1062 capillum
965 979 1167 1044 commodum
1184 1000 1255 1046 esse
1272 981 1408 1047 credito.
1421 1020 1469 1029 —

436 1078 522 1144 (ledo
549 1097 719 1145 cerussam.
738 1118 781 1128 —
808 1080 894 1160 Quid
925 1099 1055 1147 cerussa
1080 1087 1177 1167 opust
1205 1087 1304 1148 nem?
1329 1122 1374 1132 —
1400 1085 1467 1164 Qui

1134 1182 1235 1247 melas
1258 1183 1466 1248 oblinam—

435 1275 509 1341 Una
532 1295 630 1361 opera
652 1277 732 1343 ebur
755 1284 931 1344 atramento
955 1279 1165 1345 candefacere
1188 1282 1332 1365 postules
1346 1284 1377 1365 ¹).
1402 1321 1449 1332 -

436 1378 520 1456 Quid
543 1383 646 1464 opust,
670 1380 756 1464 quod
777 1401 870 1446 suom
889 1401 961 1447 esse
979 1383 1068 1466 nolit,
1088 1384 1118 1448 ei
1136 1383 1220 1449 ultro
1240 1387 1461 1452 ostentarier?
1595 1439 1596 1448 ν

435 1483 603 1548 Pulchra
626 1484 765 1549 mulier
791 1483 892 1549 nuda
915 1486 992 1550 erit
1019 1506 1127 1570 quam
1150 1491 1363 1571 purpurata
1381 1489 1465 1573 pul·

448 1678 541 1744 Nam
564 1681 596 1746 si
619 1681 779 1765 pulchra
802 1685 869 1766 est,
893 1682 1008 1748 nimis
1032 1585 1273 1749 ornapahpsop

381 1795 445 1862 Sed
468 1797 556 1879 haec,
580 1799 608 1862 si
631 1799 863 1862 sententiarum
886 1817 1007 1863 nexum
1031 1799 1194 1884 respicias,
1216 1821 1237 1864 a
1259 1801 1423 1886 Propertii
1446 1822 1513 1868 oar·

381 1900 467 1964 mine
481 1903 567 1965 certe
578 1901 717 1965 immane
730 1903 886 1984 quantum
898 1901 1063 1966 dissident.
1079 1901 1194 1967 Merito
1207 1903 1512 1990 Reitzensteiniusl)

381 2003 504 2068 collatis
527 2003 630 2086 ipsius
653 2003 814 2087 Propertii
836 2003 944 2070 verbis
967 2005 1014 2068 IV
1036 2007 1065 2088 5,
1087 2008 1129 2069 55
1142 2026 1226 2089 sqq.:

541 2119 641 2197 ‘Quid
665 2121 755 2185 iuvat
777 2123 889 2186 omato
911 2121 1095 2206 procedere,
1119 2123 1194 2206 vite,
1217 2124 1334 2208 capillo

587 2218 629 2283 Et
652 2225 765 2285 tenues
790 2219 855 2285 Coa
878 2224 967 2286 veste
990 2241 1120 2286 movere
1144 2222 1273 2287 sinusl'

542 2318 605 2396 Qui
628 2337 753 2402 versus,
778 2318 862 2384 Coae
885 2319 1012 2385 dederit
1032 2339 1095 2386 neo
1117 2339 1252 2386 munera
1276 2324 1385 2405 restis,

586 2416 679 2481 illius
702 2415 762 2480 tibi
785 2417 827 2481 sit
850 2417 948 2483 surda
970 2419 1040 2484 sine
1063 2437 1138 2484 aere
1160 2419 1240 2502 lyra.

380 2531 436 2614 qui
447 2531 553 2596 lenam
568 2532 756 2597 irridentem
768 2533 912 2599 hocloco
924 2534 1009 2617 facit,
1029 2535 1195 2600 concludit
1211 2555 1341 2602 carmen
1353 2537 1400 2601 12
1414 2537 1508 2622 lepidi

380 2635 519 2718 epistolii
539 2636 632 2718 quasi
650 2635 816 2720 exemplar
833 2655 913 2720 esse,
937 2656 1000 2720 quo
1024 2641 1146 2702 amator
1164 2638 1290 2722 puellae
1310 2638 1404 2722 dona,
1430 2659 1509 2723 quae

379 2738 523 2822 petierat,
541 2739 587 2802 ita
605 2741 710 2823 neget,
732 2745 770 2804 ut
792 2758 834 2804 ue
852 2740 922 2824 ipsa
940 2739 1071 2822 quidem
1094 2761 1132 2806 ea
1152 2760 1188 2806 re
1207 2741 1331 2806 offendi
1350 2743 1460 2827 possit

469 2841 586 2907 Contra
604 2843 824 2926 Philostratus,
849 2863 946 2927 quem
968 2843 1119 2909 Iacobius
1142 2845 1205 2908 iam
1228 2845 1264 2908 in
1287 2864 1427 2910 censura
1447 2845 1509 2909 dis-

380 2944 562 3010 sertationis
578 2945 871 3026 Golluischianaeil
890 2945 951 3010 ulio
968 2947 1145 3031 exemplari
1160 2948 1209 3012 uli
1224 2947 1361 3031 probare
1377 2949 1509 3028 studuit,

379 3047 412 3109 in
437 3047 572 3131 epistula
597 3049 636 3112 27
655 3049 722 3131 (39)
744 3069 881 3134 puerum
901 3047 1093 3132 adloquitur,
1117 3050 1173 3132 qui
1189 3069 1305 3134 eorpus
1326 3071 1393 3116 non
1414 3053 1509 3116 nimis

379 3155 477 3232 curat,
503 3155 541 3215 ut
563 3151 839 3234 pulchritudinem
861 3171 952 3216 suam
976 3151 1066 3216 celet
1096 3151 1263 3234 ‘Falleris’,
1285 3154 1401 3237 inquit,
1427 3155 1509 3238 ‘ipsa

378 3271 436 3317 nos
459 3253 560 3318 allicit
585 3254 802 3338 neglegentia:
831 3253 918 3319 οὓτω
943 3256 992 3319 καὶ
1016 3255 1035 3318 ὁ
1058 3256 1226 3320 Ἀπόλλων
1250 3259 1418 3335 ποιμένων
1447 3259 1508 3338 ἦρα

378 3357 428 3420 καὶ
448 3357 467 3434 ἡ
485 3352 656 3436 Ἀφροδίτη
677 3358 844 3436 βουκόλων
867 3359 918 3422 καὶ
940 3357 959 3435 ἡ
979 3358 1051 3422 Ῥέα
1070 3357 1229 3438 ἀγροίκων
1247 3361 1298 3424 καὶ
1320 3363 1339 3438 ἡ
1356 3361 1506 3440 Δημήτηρ

377 3463 443 3522 τῶν
467 3461 507 3524 τὰ
536 3459 636 3524 ἀετεῑα
665 3460 725 3525 οὐκ
749 3460 907 3526 elddrorv’.
947 3459 1057 3544 Longe
1086 3459 1214 3525 diversa
1244 3467 1322 3526 sunl
1352 3463 1506 3546 exemplu,
1595 3495 1596 3504 2

379 3579 460 3643 quae
477 3581 518 3625 ex
534 3560 652 3626 fabulis
667 3562 778 3627 laudat
789 3562 985 3646 Propertius,
1000 3566 1038 3628 ut
1056 3563 1212 3646 ostendat,
1228 3569 1368 3648 quantos
1383 3585 1507 3630 amores
1595 3567 1596 3570 ’

378 3663 515 3748 simplex
538 3663 594 3728 illa
616 3663 758 3729 ‘formosi
782 3667 933 3750 temporis
956 3666 1052 3731 aetas’
1076 3667 1199 3745 tulerit3
1224 3669 1264 3732 ci.
1289 3667 1435 3754 Propert.
1452 3669 1506 3746 12,

380 3769 420 3830 15
434 3786 518 3850 squ:

537 3869 611 3934 Non
634 3871 683 3936 sio
705 3870 878 3956 Leucippis
901 3871 1068 3937 succendit
1091 3873 1223 3938 Castora
1244 3873 1385 3959 Phoebe,

583 3969 750 4034 Pollucem
774 3970 864 4036 cultu
887 3991 952 4034 non
975 3969 1100 4036 Hilaira
1122 3991 1214 4036 soror

472 4129 490 4198 ¹)
506 4128 575 4184 Vide
595 4129 680 4184 etiam
698 4147 724 4184 v.
744 4129 796 4186 261
808 4145 849 4200 sq.
869 4131 972 4201 2l2sq.
992 4131 1053 4186 286.

468 4215 489 4283 ¹)
507 4213 547 4268 Cf.
566 4213 819 4284 Eneyolopaediam
837 4214 1078 4285 Pauly-wissener
1096 4215 1131 4270 vl
1149 4233 1175 4286 p.
1188 4217 1223 4272 98
1241 4213 1339 4273 adnot.

467 4297 489 4367 ⁸)
507 4297 634 4354 Berliner
652 4299 784 4369 philolog.
803 4299 1028 4356 Woohenschrilt
1047 4301 1117 4356 1905
1134 4317 1161 4370 p.
1176 4299 1245 4357 1209
1254 4315 1315 4370 sqq.
