3406 4786
158 323 302 396 Epistulae
317 322 472 379 amatoriae
486 322 627 392 quomodo
641 321 813 378 cohaereant
825 336 890 378 cunr
904 319 1002 390 elegiis
1011 318 1218 375 Alexandrinis.
1249 312 1289 376 63

233 496 305 562 Nec
328 497 364 560 tu
387 496 433 559 sis
456 495 584 578 iniusta,
608 493 737 559 Venus:
765 492 818 558 vel
841 494 961 558 serviat
983 510 1085 575 aeque

288 599 428 662 Vinctus
451 602 589 681 uterque
612 596 680 681 tibi,
704 596 757 661 vel
780 614 852 661 mea
874 595 982 662 vincla
1004 596 1084 660 leva

150 729 357 795 Aristaeneti
375 727 466 791 116:
487 728 532 792 ὡς
544 727 670 809 ταύτην,
681 728 798 809 Ἔρως,
816 727 966 806 βὲβληκας
979 727 1038 802 τήν
1055 726 1171 808 ψυχήν,
1187 723 1293 791 οὕτως

150 833 201 917 inp
227 835 304 915 βολῇ
327 833 386 908 τὴν
410 829 489 909 ἐμὴν
512 830 741 897 κατατόξευςον
766 829 939 910 ἐρωμένην.
969 828 1208 912 Epigrammata
1226 827 1292 893 Ru·

152 936 219 1000 fini
242 934 374 999 Anthol.
389 932 456 997 Pal.
472 933 504 995 V
520 934 579 997 88:

265 1056 300 1120 Εἰ
323 1056 410 1119 δυςὶν
434 1052 494 1118 οὒκ
516 1053 638 1134 ἴςχνςας
661 1053 730 1131 ἷςην
753 1053 873 1134 φλόγα,
897 1052 1054 1133 πύρφορε,
1078 1053 1198 1133 καῡςαι,

310 1157 376 1235 Τὴν
401 1156 446 1221 ἑνὶ
468 1157 638 1236 καιομένην
662 1157 681 1234 ἣ
706 1156 817 1235 ςβὲςον
840 1156 860 1232 ἢ
886 1155 1027 1236 μετάθες.

230 1265 265 1326 7:

156 1264 226 1327 Π
268 1365 303 1430 Εἰ
327 1367 385 1443 μὲν
408 1363 458 1428 ἐπ’
475 1362 706 1444 ἀμφοτέροιςιν,
724 1363 841 1444 Ἔρως,
864 1361 913 1426 ico
935 1360 1014 1427 τόξα
1037 1361 1188 1442 τιταίνεις,

324 1463 359 1530 Ei
382 1467 474 1532 θεός·
499 1466 524 1531 εἰ
548 1467 584 1528 δὲ
608 1463 713 1542 ῥὲπεις
738 1466 822 1543 πρὸς
845 1465 951 1547 μέρος,
976 1463 1015 1528 οὺ
1040 1464 1113 1530 θεὸς
1138 1460 1171 1529 εἷ.

156 1597 250 1662 Haeo
269 1615 328 1679 ego
348 1595 495 1659 decerta
514 1591 653 1677 quadarn
672 1591 774 1676 elegia
793 1593 893 1676 petita
911 1612 1002 1677 nego.
1033 1592 1125 1658 Haec
1141 1593 1207 1657 vita
1224 1593 1294 1677 ipsa

157 1699 328 1784 expressit,
352 1716 435 1780 quae
459 1716 534 1760 mox
557 1696 706 1760 abierunt
729 1696 822 1779 quasi
845 1697 1007 1761 inlocum
1027 1716 1231 1762 communem
1254 1695 1293 1760 ab

158 1801 310 1867 omnibus
333 1799 514 1864 amantibus
537 1797 725 1862 adhibitum.

248 1905 400 1969 Alterum
416 1901 498 1966 addo
515 1902 710 1985 exemplum.
741 1900 840 1985 Apud
857 1902 1162 1987 comoediographos
1178 1907 1210 1968 et
1225 1920 1295 1967 ero-

158 2009 251 2091 tiooa
281 2025 363 2090 quos
392 2004 538 2087 dicimus,
567 2005 741 2088 scriptores
770 2005 831 2068 arti
859 2006 1066 2070 meretricum
1093 2004 1294 2087 adscribitur,

160 2111 247 2194 quod
262 2108 410 2194 negando
427 2110 483 2172 aut
498 2107 703 2172 excludendo
720 2108 905 2172 accendunt
919 2107 1115 2190 amatores1).
1140 2107 1295 2173 Centoras

159 2214 301 2279 Terentii
324 2212 476 2277 Heauton
498 2211 717 2275 limorumeni
742 2211 807 2274 366
817 2230 879 2293 sq.:

700 2325 791 2391 Haeo
815 2330 881 2391 arte
904 2326 1063 2391 tractabat
1087 2327 1201 2411 virum,

314 2432 359 2496 Ut
380 2430 468 2494 illius
493 2431 636 2494 animum
660 2429 814 2514 cupidum
837 2430 945 2514 inopia
967 2431 1163 2496 incenderet

162 2549 322 2635 Propertii
346 2548 439 2630 1115,
458 2549 499 2611 29
511 2567 575 2631 sq.:

885 2641 976 2703 utere
1001 2641 1117 2724 causta,

391 2739 498 2805 Maior
520 2738 619 2803 dilata
641 2741 736 2804 noete
759 2745 905 2805 recurret
927 2744 1056 2823 am0r2).

161 2871 271 2937 Ovidii
292 2871 355 2953 18,
373 2873 431 2934 73ε
456 2869 563 2954 ‘saepe
581 2888 664 2954 nega
683 2871 805 2935 noctes’
825 2908 867 2917 —
892 2870 1010 2954 quibus
1029 2871 1110 2937 locis
1128 2877 1295 2956 poetarum

161 2975 340 3059 elegiarum
362 2973 455 3037 lenae
481 2974 562 3038 haec
584 2971 682 3037 verba
702 2972 848 3038 dieentes
869 2973 1070 3039 inducuntur
1089 3013 1141 3058 -‚
1160 2974 1295 3041 Luciaui

161 3077 326 3161 dialogum
348 3077 554 3141 meretricum
572 3078 731 3159 octavum,
753 3095 816 3159 quo
836 3077 989 3141 meretrix
1008 3077 1099 3142 alteri
1118 3077 1240 3161 suadet,
1258 3082 1297 3144 ut

160 3180 296 3245 rivalem
314 3178 525 3263 praeferendo
544 3198 685 3243 amorem
705 3180 856 3244 amatoris
874 3179 1063 3245 inflammet.
1094 3179 1295 3264 Quamquam

162 3282 412 3368 epistolographi
429 3300 567 3365 quoque,
583 3284 620 3345 ut
634 3281 790 3367 Alciphro
806 3283 840 3346 iu
856 3282 873 3346 I
890 3284 930 3346 37
949 3282 1007 3364 (IV
1021 3284 1062 3348 10
1079 3282 1172 3366 Soa),
1192 3286 1211 3348 3
1229 3285 1295 3369 epi-

162 3385 255 3468 stula,
276 3404 340 3466 qua
358 3383 514 3448 meretrix
532 3383 703 3467 perfidiam
722 3385 871 3450 amatoris
889 3385 1083 3450 lamentatur
1098 3391 1139 3470 et,
1158 3389 1195 3451 ut
1209 3407 1295 3452 amo·

161 3509 231 3555 rem
255 3488 327 3552 eius
349 3488 531 3570 recuperet,
560 3487 652 3551 illum
677 3487 852 3553 excludere
874 3488 960 3552 vult:
990 3490 1103 3554 λοιπὸν
1132 3490 1192 3555 οὖν
1214 3490 1295 3556 ἀπο-

162 3593 281 3674 κλείειν,
309 3589 369 3654 κᾶν
397 3589 473 3674 ἔλθῃ
501 3593 580 3654 ποτὲ
606 3593 689 3669 πρὸς
711 3591 792 3670 ἡμᾶς
815 3590 1057 3674 κοιμηςόμενος,
1085 3592 1110 3657 el
1137 3595 1174 3672 δή
1198 3595 1295 3659 κνίςαι

162 3697 241 3759 ποτὲ
257 3692 378 3771 ἐκείνην
395 3693 575 3775 βουληθείη,
592 3695 775 3758 διώςαςθαι·
792 3693 885 3759 εἴωθε
900 3694 961 3773 γὰρ
977 3694 996 3773 ἡ
1014 3695 1152 3775 βαρύτης
1162 3701 1208 3780 τῷ
1221 3695 1295 3776 ἀμε-

257 3865 277 3935 ¹)
295 3863 365 3920 Vide
383 3864 513 3919 Hoelzeri
531 3864 739 3920 dissertationis
756 3881 783 3935 p.
797 3864 840 3920 83.

254 3955 277 4025 ¹)
297 3953 444 4010 Confertur
462 3955 562 4011 eadem
584 3953 726 4010 sententia
748 3954 779 4009 in
797 3959 954 4012 amatorem
972 3957 1113 4013 transuta
1135 3955 1210 4027 apud
1228 3957 1296 4013 Pro·

163 4040 284 4110 partium
303 4038 382 4107 1114,
397 4038 439 4093 19.
453 4039 503 4093 2οι

326 4122 385 4177 Ηοο
404 4123 482 4177 sensi
501 4122 636 4193 prodesse
655 4121 760 4192 magis:
780 4125 952 4181 contemnite
969 4129 1113 4181 amantes:

363 4209 410 4265 Sic
428 4209 512 4265 hodie
531 4209 635 4278 veniet,
654 4210 679 4265 si
698 4226 755 4280 qua
772 4210 887 4281 negarit
904 4210 973 4267 heri.
