2962 4778
306 123 352 184 44
674 127 811 196 Ludwig
829 128 1075 196 Rosenmeyer,

307 306 398 365 mmos
411 319 465 364 eos
476 299 593 376 fuisse3
609 319 684 363 nem
697 298 867 363 ‘morituri'
879 297 919 363 ad
932 299 1075 381 Petrum,
1089 299 1270 380 Iohannem,
1280 296 1390 361 lembum
1460 308 1461 311 ’

307 402 514 468 referendum
531 409 587 484 est,
604 422 668 467 non
685 402 725 466 ad
742 401 914 484 Christum,
931 404 988 485 qui
1003 404 1038 466 in
1055 405 1165 466 monte
1176 402 1274 466 Tabor
1287 405 1396 465 mortum
1473 405 1475 454 ἲ

308 525 372 570 non
393 511 450 587 est,
474 506 531 570 sed
555 524 740 589 passurus
764 506 957 587 nominatur,
982 508 1061 588 quia
1080 505 1331 569 clarificationem
1345 499 1404 566 sulr

306 608 456 690 sequitur
478 610 601 692 passi03
626 609 799 673 morituri
822 609 1027 693 participium
1051 609 1154 692 igitur
1171 609 1334 672 sententiae
1351 606 1413 669 lom

306 711 466 794 seriptum
485 717 542 794 est,
560 715 598 775 ul
616 730 710 795 saepe
728 713 935 795 participium
952 711 1070 789 iuturi;
1090 711 1131 776 oi
1149 730 1217 794 eg.
1234 710 1359 775 Senecae
1372 705 1421 772 De

308 815 374 877 vito
392 813 484 878 beata
504 817 572 896 l,1:
598 813 942 898 'circumspiciendum
966 835 1029 897 qua
1049 812 1244 878 contendere
1264 813 1316 877 illo
1332 812 1430 876 eeler-

308 918 389 982 rime
413 918 583 1000 possimne,
606 917 803 982 intellecturi
826 919 859 980 in
883 920 953 1001 ipso
972 918 1089 981 itinere
1106 967 1112 979 .
1130 966 1161 979 ..
1186 919 1334 999 quantum
1351 910 1437 979 oeti-

307 1018 362 1084 die
375 1020 585 1103 profligetnr'.
616 1021 701 1104 Ergo
715 1021 792 1103 ‘qui'
804 1023 926 1085 rentum
943 1025 1080 1084 nonest.
1113 1020 1231 1084 Utrum
1249 1040 1320 1084 oum
1331 1018 1442 1097 limy-

309 1142 427 1186 manno
452 1129 613 1188 mutemus
637 1123 783 1188 ordinem
805 1123 979 1188 verborum
1002 1142 1115 1205 neone,
1140 1143 1207 1187 non
1232 1123 1359 1187 multum
1379 1122 1446 1183 in-

307 1227 415 1288 teresi.
448 1225 607 1309 Equidem
627 1227 748 1292 scribo:
773 1229 979 1311 ‘quamquam
998 1232 1029 1290 et
1047 1226 1136 1289 illem
1155 1245 1262 1309 neque
1280 1227 1344 1309 ipse
1362 1224 1447 1287 sine

308 1327 454 1411 periculo
482 1329 615 1394 luminis
639 1337 791 1413 expertus
815 1336 871 1412 est,
899 1349 1004 1412 neque
1027 1329 1146 1394 Petrus
1170 1335 1203 1394 et
1225 1329 1375 1392 lohannes
1412 1331 1448 1391 et

309 1429 445 1494 Iacobus
473 1433 543 1497 sine
570 1434 704 1497 rationis
733 1435 830 1498 eliam
858 1435 1047 1515 mentisque,
1075 1434 1103 1495 si
1131 1452 1196 1496 non
1225 1432 1345 1515 passuri
1369 1430 1446 1493 filii

307 1535 451 1618 gloriam,
474 1535 531 1600 sed
555 1541 675 1619 patrem
699 1535 864 1616 vidissent,
889 1534 992 1616 oredo,
1017 1536 1168 1599 morituri
1190 1534 1327 1598 ibidem’.
