2978 4814
288 333 332 397 36
720 335 837 391 Victor
856 333 999 401 Coulou,

289 511 419 575 nivibus
441 511 544 594 primo
568 512 601 573 et
622 508 794 592 praecipue
817 509 980 590 spectatur
1002 504 1151 586 densitas,
1180 523 1282 586 eaque
1306 504 1422 569 merito

290 615 386 680 etiam
414 614 520 696 potius
548 609 827 678 commemoranda
853 612 902 675 est
930 628 1025 691 quam
1052 608 1164 692 frigus,
1191 607 1279 690 qnod
1307 610 1422 691 sponte

289 717 517 801 intellegitur'’.

379 822 419 885 In
443 841 471 884 v.
489 822 553 885 995
578 820 708 898 ulcxpov
731 821 841 899 ποιεῖν,
865 816 884 881 ὅ
907 837 934 880 τι
956 820 1012 894 τῆε
1035 816 1145 880 αἰδοῦ(
1166 816 1268 894 μέλλο
1289 812 1423 892 τᾶγαλμ’

290 926 480 1001 ἀναπλήεειν
504 924 538 986 in
561 922 590 987 R
613 921 765 985 traditum
789 925 838 985 est
861 921 979 997 μέλλει(
1001 919 1131 998 τᾶγαλμ’
1148 919 1363 999 ἀναπλάττειν,
1387 919 1421 983 in

291 1027 424 1094 s-VM
449 1026 566 1105 μέλλει(
587 1023 717 1100 τᾶγαλμ’
741 1022 864 1106 (ἄγαλμ’
889 1021 947 1086 SM
970 1024 1062 1103 corr.)
1086 1022 1286 1099 deuolutos.
1310 1021 1423 1087 Lectio

291 1133 319 1198 R
343 1132 430 1195 hune
457 1148 590 1194 sensum
616 1127 763 1212 praebet:
794 1126 879 1209 quod
905 1125 1041 1190 Pudoris
1065 1127 1238 1209 imaginem
1262 1125 1423 1208 effingere

292 1234 397 1299 debes.
434 1232 505 1310 Qua
527 1233 686 1315 scriptura
708 1233 848 1295 maxime
871 1235 1001 1313 propter
1023 1228 1194 1293 articulum
1217 1228 1424 1293 offendimur.

291 1337 367 1401 Iure
395 1337 480 1400 enim
509 1335 544 1398 G.
561 1333 768 1399 Hermannns
795 1332 835 1397 ad
858 1334 888 1396 h.
910 1353 938 1396 v.
964 1333 1103 1397 monuit:
1133 1331 1235 1396 “Cum
1265 1333 1314 1396 vel
1345 1333 1425 1396 satie

292 1440 372 1503 mire
396 1439 517 1502 dietum
545 1439 595 1516 sit,
627 1437 764 1519 aliquam
795 1437 967 1520 imaginem
992 1436 1129 1500 Pudoris
1157 1436 1291 1519 fingere,
1321 1437 1424 1518 magis

293 1545 461 1609 molestum
478 1547 534 1623 est,
550 1540 656 1604 addito
673 1542 808 1605 articulo
824 1560 894 1606 eam
912 1541 1053 1625 effigiem
1070 1542 1162 1624 quasi
1179 1541 1316 1620 nnieam,
1341 1558 1425 1622 quae

292 1648 373 1731 fingi
397 1647 504 1731 possit
529 1644 803 1709 commemorari'’.
828 1646 937 1726 Atque
953 1645 1050 1708 etiam
1064 1643 1184 1708 locutio
1200 1642 1331 1720 τᾶγαλμ’
1348 1643 1426 1707 ἀνα-

293 1752 418 1828 πλήεειν
442 1747 640 1831 repudianda
659 1748 736 1810 mihi
754 1747 895 1824 videtum
921 1768 994 1811 nam
1011 1766 1132 1828 vereor,
1158 1750 1193 1810 ut
1212 1747 1424 1830 compositum

294 1853 484 1930 άναπλήθειν
510 1851 723 1932 “inquinare''
747 1851 918 1934 signifieat,
942 1851 1028 1932 quod
1048 1854 1082 1914 et
1099 1869 1214 1914 sensus
1232 1850 1370 1932 requirit
1393 1856 1428 1913 et

293 1956 431 2039 simplex
444 1961 581 2038 aptaque
593 1956 812 2037 interpretatio
824 1953 922 2018 selrol.
931 1955 960 2015 V
970 1953 1057 2018 Ald.:
1076 1953 1154 2032 άπερ
1166 1956 1266 2031 μέλλει
1279 1954 1426 2031 μολύνειν

294 2063 466 2141 (πληρῶεαι
491 2058 532 2139 V)
555 2060 612 2134 τήν
636 2058 716 2121 αἰδῶ
740 2065 858 2121 tuetur.
885 2058 1006 2121 Versus
1029 2059 1127 2140 igitar
1150 2064 1322 2141 eorruptus
1346 2058 1426 2139 quin

295 2164 479 2227 coniectura
490 2161 651 2224 sanandus
664 2161 713 2242 sil,
726 2180 821 2225 nemo
833 2163 896 2224 iam
908 2161 1072 2224 dubitabit.
1085 2162 1193 2243 Atque
1205 2181 1279 2225 eum
1290 2159 1426 2224 verbum

294 2263 485 2347 inquinandi
510 2269 724 2347 exspectetur,
752 2267 939 2346 praeceptor
962 2284 1053 2328 meus
1077 2264 1112 2328 B.
1129 2264 1254 2328 Keilius
1277 2264 1297 2327 ὅ
1320 2285 1347 2327 τι
1369 2267 1427 2340 τῆε

295 2369 405 2432 αἰδοῦ(
425 2368 524 2445 μέλλει
544 2379 571 2446 γε
590 2368 624 2429 in
644 2369 761 2444 μέλλει(
780 2367 893 2449 delete,
914 2367 1001 2448 quod
1021 2386 1063 2431 ex
1082 2387 1099 2430 τ
1118 2368 1317 2450 insequentis
1337 2367 1428 2431 vocis

295 2472 452 2554 originem
480 2469 585 2550 duxit)
608 2469 750 2548 τάγαλμα
777 2472 943 2534 παλάττειν
972 2472 1112 2536 seribere
1136 2473 1311 2554 proposuit.
1336 2470 1428 2547 Quae

297 2577 483 2639 eonieotura
507 2574 730 2656 comprobatur
753 2580 784 2638 et
807 2575 1019 2638 confirmatur
1041 2575 1080 2639 H.
1102 2574 1216 2639 Dielsii
1240 2575 1429 2656 quaestione

297 2677 337 2741 de
358 2695 436 2739 voce
457 2675 622 2739 παλάττειν
643 2678 676 2738 in
696 2676 836 2741 Hermae
858 2677 919 2740 vol.
940 2677 1007 2759 XL,
1027 2680 1122 2760 1905,
1146 2698 1174 2761 p.
1192 2680 1257 2742 306
1270 2697 1347 2760 sqq,
1371 2677 1428 2741 ubi

298 2780 338 2843 de
351 2781 553 2843 commutatis
566 2780 672 2843 verbis
685 2781 848 2846 παλάττειν
862 2787 894 2844 et
909 2783 1051 2846 πλάττειν
1068 2784 1180 2865 agitur.
1201 2782 1318 2846 Nostro
1330 2783 1431 2864 igitur

298 2884 367 2946 loeo
392 2885 426 2944 in
449 2883 478 2946 R
501 2901 558 2965 pro
582 2902 658 2947 vera
682 2885 844 2949 loeutioue
866 2883 1010 2961 τᾶγαλμα
1033 2886 1200 2950 παλάττειν
1225 2885 1429 2949 librariorum

299 2987 502 3071 neglegentia
517 2985 646 3062 τᾶγαλμ’
664 2988 867 3051 ἀναπλάττειν
884 2990 1038 3072 seriptum
1056 2994 1112 3052 est.
1132 2989 1234 3065 Quam
1250 2989 1432 3070 lectionem,

301 3111 374 3154 enm
399 3111 417 3153 a
440 3109 538 3153 sensu
557 3092 655 3153 totius
674 3091 736 3154 loei
755 3091 950 3173 abhorreret,
974 3093 1200 3175 grammaticus
1222 3093 1332 3156 neseio
1357 3093 1432 3175 quie

300 3196 333 3258 in
353 3193 482 3270 τᾶγαλμ’
503 3193 691 3270 άναπλήεειν
710 3195 853 3259 mutavit
878 3197 986 3277 Atque
1004 3195 1180 3259 notandum
1200 3202 1248 3260 est
1266 3195 1383 3259 librum
1403 3195 1433 3258 R

303 3300 338 3361 ut
361 3298 395 3359 in
419 3317 447 3360 ν.
464 3296 529 3358 432
554 3316 583 3378 p.
601 3298 643 3358 26
667 3299 800 3361 tractato
824 3299 871 3361 sie
891 3299 985 3362 etiam
1006 3300 1038 3361 in
1062 3305 1171 3362 nostro
1197 3319 1224 3362 ν.
1249 3318 1359 3362 ansam
1379 3297 1433 3361 de·

303 3399 387 3464 disse
411 3401 570 3483 genuinae
595 3401 710 3464 eomiei
733 3403 911 3484 scripturae
934 3402 1159 3466 restituendae.

836 3583 907 3663 §ia

395 3710 559 3790 Sequitur,
590 3715 625 3771 ut
653 3709 756 3773 Pluti
784 3709 871 3775 locos
899 3717 1084 3792 tractemus,
1116 3712 1234 3793 quibus
1258 3710 1436 3776 S-VaR

306 3813 496 3894 discrepant.

395 3914 433 3978 In
455 3934 482 3976 v.
503 3917 540 3977 ll
568 3918 616 3978 καὶ
636 3916 724 3979 ταῦτ’
746 3916 998 3995 ἀποκρινομένου
1012 3919 1129 4000 (S—V‚
1146 3921 1245 4002 -μένιμ
1260 3918 1300 3995 R)
1319 3920 1355 3982 τὸ
1376 3939 1437 3981 πα·

307 4018 412 4097 ράπαν
425 4016 501 4080 οὐδὲ
515 4022 576 4096 γρῦ
588 4037 693 4099 neque
706 4020 959 4098 ἀποκρινομένου
975 4042 1082 4103 neque
1098 4024 1339 4106 ἀποκρινομένῳ
1358 4022 1438 4085 ferri

307 4138 400 4204 posse
429 4122 552 4202 primus
580 4121 745 4186 Bentleius
776 4125 864 4187 vidit.
896 4125 996 4188 Cuius
1024 4127 1242 4190 coniecturam
1261 4125 1437 4204 »ἀποκρινό-

308 4244 403 4301 μενοτ
422 4222 610 4289 Dindorlius
635 4226 802 4308 amplexus
822 4228 891 4291 inre
916 4228 1072 4291 editorum
1093 4229 1221 4293 laudem
1241 4228 1332 4307 tulit3
1358 4228 1439 4292 haee
