3178 4918
388 409 454 472 214
815 416 931 473 Victor
950 415 1092 484 Coulon,

405 613 462 650 use.
621 590 692 654 Sch.

411 692 475 756 219
500 693 633 758 *πόλινε
670 693 704 757 ἐν
740 693 925 776 ἀντιγράφῳ

500 799 535 860 δέ
558 795 654 875 εὗρόν
670 817 748 860 ποτε
768 796 829 874 “flu
846 796 927 876 ἐχω-

501 919 557 978 μεν
584 901 642 976 τὴν
669 898 803 964 Πύλον”
826 899 925 963 schol.

499 1002 543 1079 V3
572 1001 663 1066 πόλιν
692 1005 725 1066 et
752 1003 860 1067 Πύλον
890 1004 925 1064 in

499 1105 604 1168 adnot
620 1106 718 1170 schol.
734 1106 764 1169 R

412 1210 587 1273 173-298
612 1208 683 1273 *ἐπ’
704 1209 798 1274 ἐνίοιε
844 1209 925 1273 ἀντι-
980 1208 1094 1291 Νοηοο
1124 1208 1278 1272 verberi
1307 1229 1380 1288 φηει
1412 1225 1526 1288 neque

499 1314 635 1392 γράφοιε
653 1312 729 1389 μετὰ
741 1311 861 1390 ετίχουε
874 1313 926 1376 να’
979 1311 1060 1374 illud
1084 1311 1112 1388 ἰή
1140 1311 1190 1374 bis
1213 1311 1355 1394 positum
1377 1329 1524 1392 usquam

499 1413 561 1479 ἐετὶ
589 1415 749 1493 κωλάριον
776 1414 852 1478 τόδε
877 1413 926 1478 “ri
979 1413 1014 1476 in
1024 1412 1523 1478 vss.173—298RVexhibent

499 1517 611 1596 φηα”;
643 1519 691 1581 καὶ
722 1516 785 1595 μετ’
807 1515 926 1582 ἄλλον(

499 1623 548 1699 λη’
569 1621 645 1685 τάδε
661 1621 716 1698 “tn
739 1619 802 1698 ἰή”.
826 1619 925 1683 schol.

499 1725 581 1788 Vad
605 1745 668 1786 vss
688 1724 872 1787 173-298.

410 1827 474 1890 236
499 1828 601 1890 *τινέε
626 1827 661 1889 δέ
684 1846 758 1904 φαει
781 1828 838 1890 τὸν
861 1828 925 1890 Δία
1009 1827 1046 1892 ἰὼ
1071 1829 1177 1907 βροτοὶ
1200 1831 1263 1892 κτλ.
1288 1825 1375 1890 Belle
1393 1825 1490 1889 tribb.

498 1931 596 1991 ταῦτα
621 1929 720 2002 λέγειν
745 1929 842 1993 schol.
855 1930 886 1989 V

410 2034 472 2096 311
500 2032 557 2095 *τὸ
590 2031 638 2093 ἰοὺ
671 2031 720 2096 ἰού
754 2053 835 2097 τινες
866 2037 924 2097 τοῦ
1072 2033 1121 2097 ἰοὺ
1145 2033 1195 2099 ἰοὺ
1219 2035 1317 2098 ehero
1334 2033 1428 2096 tribb.

500 2137 602 2212 χοροῦ
620 2135 713 2212 φαεὶν
733 2130 813 2198 εἶναι
837 2131 925 2216 (εἶναι

499 2257 559 2301 om.
598 2237 626 2300 R
665 2256 728 2301 see.
767 2238 925 2318 Rutherf.)

498 2339 596 2404 schol.
613 2339 672 2404 RV

410 2443 474 2506 536
499 2441 923 2521 *γράφεταιείεἰπνὸνεοὴοέ
1164 2445 1206 2510 εἰ(
1230 2445 1332 2523 ἀγρὸν

499 2545 529 2606 V

409 2653 473 2714 583
498 2655 579 2716 τινέε
605 2653 781 2730 γράφοοαν
812 2650 924 2729 ἐδάμη·
1009 2650 1107 2730 ἐδάμη
1132 2654 1188 2728 μὲν
1211 2652 1240 2715 R

500 2775 556 2832 μεν
569 2754 666 2817 sehet
678 2753 715 2816 V.
740 2751 924 2836 Scripturas
1043 2754 1159 2832 ἐδάμην
1176 2755 1205 2816 V

499 2856 923 2937 ἐδάμημεν(εο1ιοί.)ο1ἐδάμη
979 2856 1165 2921 Editeribus
1194 2857 1313 2935 ἐδάμην
1340 2857 1512 2940 probatum,

499 2960 616 3039 ntvffl)
633 2959 743 3022 nescio
767 2979 808 3021 an
827 2959 925 3022 inter-
979 2960 1066 3042 quod
1079 2966 1111 3024 et
1126 2961 1270 3024 numeris
1282 2967 1392 3042 aptum
1410 2975 1508 3040 neque

498 3063 643 3146 pretibus
661 3061 847 3143 debeantur,
868 3062 924 3144 qui
979 3083 998 3126 a
1022 3081 1120 3127 sensu
1147 3064 1289 3127 alienum
1313 3069 1370 3126 est.
1407 3063 1453 3126 Cf.
1475 3060 1510 3122 de

499 3166 616 3229 offensi
632 3165 742 3228 multis
758 3164 925 3248 particulis
980 3165 1224 3230 transitionibus
1248 3185 1266 3228 a
1289 3185 1425 3230 numero
1449 3163 1508 3248 plu-

499 3270 560 3348 γάρ
596 3269 630 3332 in
664 3288 727 3332 νεα
752 3271 826 3350 583,
851 3269 925 3348 587,
980 3269 1038 3332 ruli
1067 3269 1106 3332 ad
1135 3269 1331 3353 singularem
1360 3289 1389 3351 p.
1408 3269 1448 3330 64
1476 3261 1509 3328 ud

499 3372 573 3452 590,
600 3374 673 3453 591,
703 3373 766 3435 595
802 3371 924 3434 inserto
980 3371 1131 3436 115975.

499 3478 555 3553 μὲν
580 3473 659 3538 illud
682 3477 743 3552 γὰρ
773 3494 790 3538 e
815 3479 924 3537 nestro

499 3597 527 3639 v.
545 3579 650 3642 eicere
674 3577 844 3641 voluerint.

410 3683 474 3744 593
499 3681 666 3745 κάδάπανα
679 3683 831 3761 καὶφίλαε
844 3686 926 3744 τινέε
981 3680 1147 3744 κάδάπανα
1175 3683 1224 3744 καὶ
1252 3682 1336 3760 φίλα.
1372 3680 1507 3744 Heruer-

499 3787 536 3847 δὲ
552 3783 707 3862 γράφουα
725 3785 801 3861 μετὰ
824 3786 883 3846 τοῦ
907 3795 926 3863 i,
981 3783 1085 3847 denus
1109 3782 1148 3846 de
1164 3783 1262 3847 schol.
1279 3782 1385 3846 adnot
1402 3784 1448 3847 sie
1466 3781 1505 3842 iu·

498 3887 553 3949 ἵνα
568 3889 604 3950 τὸ
622 3888 803 3963 νοούμενον
821 3887 849 3966 ἠ,
873 3889 927 3949 δα·
982 3885 1115 3949 dicavit:
1129 3885 1419 3969 “tuitigiturolinr
1432 3881 1503 3948 varia

499 3989 582 4070 πάνη
595 4009 628 4052 τε
639 3993 814 4069 τρυφῶμεν
827 3988 925 4052 schel.
981 3989 1076 4052 lectio
1089 3992 1137 4053 καὶ
1154 3988 1282 4052 δάπανα
1295 4019 1328 4040 =
1342 3983 1502 4064 δαπανηρά

500 4091 530 4152 V
983 4091 1029 4155 cf.
1046 4091 1187 4156 ThneV
1205 4093 1277 4154 193.
1302 4090 1365 4154 Sed
1382 4091 1502 4174 praestat

982 4193 1069 4277 quod
1092 4193 1273 4278 vulgatur”.

411 4299 475 4361 616
499 4299 535 4362 τὸ
550 4301 585 4362 δέ
601 4297 754 4379 ἠκηκόειν,
771 4297 857 4362 οὕτω
875 4298 925 4362 διὰ
980 4297 1123 4376 ἠκηκόειν
1147 4295 1186 4360 ab
1214 4295 1393 4361 editoribus
1417 4295 1500 4374 Phry-

1280 2724 1343 2768 sec.
1360 2704 1468 2768 Herna
