3248 4910
354 391 396 455 90
781 398 815 454 ll.
834 398 1056 466 lleinemann,

353 570 584 653 διδαεκάλῳ·
616 573 714 635 τοῦτο
742 572 802 648 γὰρ
830 572 867 635 τὸ
896 571 1022 650 μάθημα
1048 569 1124 649 παρ’
1149 569 1301 636 ὁντινοῦν
1330 570 1496 646 ποιοῦμαι

352 672 535 738 δεινότατοι
560 668 636 737 εἶναι
660 674 693 737 et
716 671 886 756 Tibullum,
906 673 963 755 qui
987 677 1081 737 antea
1099 671 1251 756 Priapum
1269 674 1374 736 artem
1400 689 1493 734 ama-
1599 733 1600 740 ,

351 775 463 838 teriam
488 775 695 858 profitentem
716 775 848 858 fecerat,
871 775 933 859 14,
951 778 1090 860 lbsqq.:

746 927 803 971 vos
826 925 877 971 me
901 906 1060 972 celebrate
1083 907 1280 991 magistrum,

485 1009 572 1087 Quos
596 1010 678 1074 male
703 1009 800 1075 habet
822 1008 924 1073 multa
947 1008 1081 1075 callidus
1105 1015 1172 1074 arte
1195 1028 1284 1094 puer.

439 1111 549 1176 Gloria
572 1113 691 1195 cuique
714 1131 774 1176 sua
797 1115 861 1178 est:
886 1132 946 1196 me,
970 1113 1026 1195 qui
1049 1117 1251 1196 spernentur,
1275 1117 1422 1176 amantea

484 1213 688 1280 Consultant:
714 1215 840 1280 cunetis
862 1215 960 1280 ianua
982 1221 1090 1279 nostra
1112 1217 1205 1299 patet

349 1347 381 1408 et
398 1343 559 1429 Propertii
577 1345 594 1409 Ι
610 1347 660 1430 10,
680 1347 729 1430 14,
754 1365 816 1428 qua
840 1345 943 1430 elegia
961 1345 1148 1430 Propertius
1167 1342 1307 1426 Cynthia
1327 1341 1481 1426 magistra

347 1467 426 1512 usus
450 1449 553 1512 amico
577 1445 676 1531 Gallo,
704 1448 864 1532 quomodo
892 1469 1034 1515 amorem
1062 1453 1183 1513 amatae
1211 1446 1274 1510 sibi
1299 1449 1480 1526 conservet,

348 1550 483 1615 consilia
501 1550 563 1633 dat,
587 1553 619 1616 et
642 1551 786 1616 eiusdem
809 1553 969 1638 Propertii
991 1553 1025 1617 11
1042 1553 1093 1634 34,
1110 1551 1161 1615 50.
1192 1550 1295 1632 Hanc,
1316 1569 1400 1632 quae
1424 1569 1479 1613 na-

346 1658 436 1717 turae
456 1652 577 1736 elegiae
597 1653 716 1737 optime
734 1654 950 1739 responderet,
973 1663 1095 1739 partem
1114 1655 1297 1739 suscepisse
1315 1651 1478 1732 Ovidium,

347 1775 421 1820 curn
444 1755 548 1820 tribus
571 1755 663 1820 libris
687 1758 788 1820 artem
811 1757 940 1821 amandi
963 1757 1100 1822 doceret

435 1858 537 1924 Multa
559 1860 672 1922 insunt
693 1861 728 1922 in
756 1859 819 1942 his,
847 1879 930 1943 quae
953 1861 1033 1924 mihi
1055 1860 1225 1942 arrideant,
1250 1861 1283 1924 et
1306 1877 1478 1943 personam

344 1962 490 2046 magistri
506 1962 597 2044 quasi
614 1962 800 2026 sollemnem
817 1981 888 2027 esse
900 1965 933 2027 in
951 1965 1037 2028 omni
1053 1983 1171 2047 genere
1187 1963 1362 2027 amatoriae
1378 1961 1479 2044 scrip-

344 2067 442 2132 tionis
461 2069 593 2132 minime
612 2069 806 2151 negaverim.
831 2067 893 2133 Sed
913 2069 974 2134 hac
993 2069 1062 2153 ipsa
1079 2087 1115 2132 re
1130 2063 1299 2150 impedior,
1318 2083 1361 2129 ne
1380 2065 1478 2128 nimis

344 2168 459 2252 cupide
488 2171 595 2234 omnia
618 2169 729 2254 elegiis
752 2169 983 2235 Alexandrinis
1012 2169 1199 2236 adscribam.
1235 2171 1301 2234 Ars
1322 2167 1478 2231 amatoria

343 2272 496 2354 anonymi
509 2277 621 2356 poetae
633 2271 781 2336 versibus
794 2264 932 2339 heroicis
951 2275 1069 2358 scripta
1083 2271 1233 2336 laudatur
1248 2271 1288 2334 ab
1301 2269 1477 2348 Herodico,

343 2373 479 2440 Cratetis
496 2377 654 2440 sectatore
667 2375 951 2458 (AthenaeiV219
968 2378 1084 2460 csqqt.
1103 2376 1215 2441 Refert
1226 2374 1377 2440 Socrates
1398 2374 1476 2438 artis

342 2478 514 2542 amatoriae
548 2481 727 2563 praecepta,
762 2499 844 2562 quae
880 2480 919 2544 ab
952 2482 1087 2566 Aspasia
1117 2480 1281 2564 acceperit
1311 2479 1476 2562 (conferas

339 2578 626 2646 Reitzensteinium
640 2583 674 2646 in
688 2581 948 2666 llncyclopaedia
961 2583 1239 2666 Pauly-Wissowa
1252 2583 1302 2647 VI
1316 2583 1422 2667 p.103
1443 2583 1476 2646 et

340 2683 543 2750 Theodorum
566 2685 681 2771 Bergk,
705 2687 824 2752 Poetae
847 2685 942 2767 lyrici
966 2685 1082 2750 Graeci
1097 2685 1130 2749 Π
1152 2706 1181 2769 p.
1199 2685 1296 2772 288);

405 2808 582 2892 Σώκρατες,
606 2807 666 2873 οὐκ
690 2809 798 2872 ἔλαθέ(
822 2827 859 2887 με
882 2807 976 2891 πόθῳ
1001 2809 1122 2887 δηχθεὶς
1146 2809 1251 2888 φρένα
1274 2809 1335 2885 τήν
1359 2807 1419 2884 (ἠν

406 2910 528 2975 Παιδὸς
551 2914 753 2992 Δεινομάχης
776 2913 826 2976 καὶ
850 2911 997 2977 Κλεινίου.
1021 2910 1089 2976 ἀλλ’
1106 2909 1298 2990 ὑπάκουεον,

406 3012 441 3076 Εἰ
464 3012 567 3092 βούλει
591 3016 637 3079 cot
660 3014 740 3093 ἔχειν
764 3015 800 3079 εὖ
824 3013 968 3077 παιδικά·
992 3013 1064 3092 μηδ’
1080 3012 1230 3096 ἀπιθήοῃε

405 3115 547 3198 Ἀγγὲλῳ,
572 3116 654 3180 ἀλλὰ
677 3117 792 3180 πιθοῦ·
817 3115 866 3182 καί
890 3137 939 3180 cor
962 3117 1043 3180 noth
1069 3117 1191 3194 βέλτιον
1215 3114 1298 3178 term

337 3245 428 3308 aad
454 3243 608 3310 (lanieras
624 3244 722 3309 verba
740 3245 935 3330 argumenti:
956 3245 1084 3323 Κυνηγεῑ
1102 3242 1162 3308 οὖν
1182 3241 1201 3304 ὁ
1221 3242 1319 3306 καλὸς
1337 3239 1472 3320 Σωκρά-

335 3365 391 3424 τη(
415 3345 709 3425 ἐρωτοδιδάεκαλον
733 3346 818 3426 ἔχων
841 3348 900 3424 τήν
926 3347 1089 3424 Μιληείαν.

425 3453 600 3518 Personam
622 3453 767 3538 magistri
786 3453 903 3518 amoris
926 3455 990 3518 iam
1009 3451 1175 3536 discipulis
1194 3450 1335 3516 Socratis
1359 3453 1468 3514 notam

336 3573 407 3620 esse
424 3574 441 3619 e
457 3555 601 3619 Platonis
625 3556 774 3620 convivio
792 3557 854 3620 201
866 3554 904 3638 D,
925 3575 988 3638 quo
1003 3554 1144 3620 Dictima
1158 3554 1310 3637 magistra
1325 3551 1469 3618 Socratis

335 3657 513 3723 inducitur:
543 3659 561 3736 ἢ
586 3660 625 3736 δὴ
649 3659 699 3722 καὶ
723 3659 776 3737 ἐμὲ
798 3660 837 3722 τὰ
860 3659 993 3738 ἐρωτικὰ
1016 3658 1157 3725 ἐδίδαξεν
1185 3663 1217 3722 et
1239 3657 1468 3740 Xenophontis

335 3759 507 3825 Memorab.
533 3760 584 3824 ΠΙ
608 3763 663 3842 11,
691 3759 749 3825 ubi
780 3761 928 3826 Socrates
954 3759 1146 3824 Theodotum
1177 3759 1283 3842 docet,
1316 3757 1468 3824 concludi

334 3863 439 3944 potest
453 3862 506 3944 (cl.
522 3861 660 3946 Bilrgeri
675 3863 775 3928 libelli
791 3885 821 3948 p.
839 3863 924 3944 119).
954 3863 1182 3928 Recentiorum
1203 3861 1466 3945 philosophorum

334 3963 478 4042 ἑρωτικοὶ
495 3964 587 4040 λόγοι
602 3965 722 4048 pariter
737 3971 833 4049 atque
844 3965 1009 4030 rhetorum
1026 3963 1274 4029 declamationes
1290 3965 1466 4048 perierunt.

334 4063 398 4128 Sed
413 4065 447 4128 in
463 4065 581 4130 fabulis
594 4069 837 4133 romanensibus
848 4086 962 4132 rursus
974 4070 1161 4153 magistrum
1174 4073 1324 4152 artesque
1335 4065 1466 4132 arnandi

334 4167 490 4248 invenies,
513 4167 603 4232 velut
622 4167 707 4252 apud
724 4171 884 4236 Achillem
902 4169 1028 4235 Tatium
1046 4171 1108 4234 19.
1126 4173 1168 4235 10
1189 4170 1308 4235 Clinias
1324 4171 1464 4235 amicum

334 4267 436 4351 docet,
460 4269 619 4352 quomodo
639 4290 779 4337 amorem
798 4271 924 4356 puellae
948 4274 1010 4338 sibi
1032 4272 1205 4338 conciliare
1223 4274 1332 4357 possit
1356 4275 1465 4356 Atque
