3406 4786
155 325 305 395 Epistulae
322 323 480 379 amatoriae
498 324 639 394 quomodo
652 325 824 380 cohaereant
836 340 899 380 cum
913 325 1225 399 elegiisAlexandrinis.
1256 320 1297 384 51

159 496 413 562 declamationes
423 497 452 578 ¹),
482 515 618 579 quarum
647 496 747 560 altera
775 497 810 559 in
834 497 1051 580 suspicionem
1079 502 1192 582 ruptae
1220 498 1299 564 fidei

159 603 297 665 vocatus
326 619 360 664 se
389 599 547 682 defendit,
577 599 676 664 altera
704 600 840 664 ancillae
868 599 1064 684 persuadere
1089 602 1172 684 vult,
1200 606 1238 666 ut
1265 622 1300 667 se

161 723 270 767 amare
286 706 407 789 pergat,
424 701 597 787 lepideque
616 703 765 785 minatur,
787 703 815 766 si
834 703 889 767 illa
907 703 1058 786 precibus
1079 705 1146 768 suis
1165 706 1300 787 resistat,

162 828 196 873 se
226 808 377 872 dominae
406 809 629 871 nuntiaturum
658 825 729 871 esse
753 826 824 877 eam
853 807 954 870 amori
983 826 1042 871 suo
1071 813 1166 872 antea
1193 827 1301 873 amore

162 911 409 995 respondissef).
444 909 565 986 Quodsi
591 909 760 974 contendis
784 914 912 992 poetam
930 910 1110 974 Romanum
1135 911 1174 975 ab
1199 912 1302 996 elegia

164 1013 388 1080 Alexandrina
410 1014 559 1099 pendere,
584 1014 737 1097 equidem
755 1014 904 1096 quamvis
923 1014 1197 1079 narratiunculam
1216 1036 1302 1080 ama·

163 1119 279 1182 teriam
299 1118 379 1183 licet
401 1117 506 1180 soluta
529 1117 672 1181 oratione
692 1118 845 1200 scriptam
864 1116 1036 1181 suffecisse
1055 1116 1242 1200 respondeo,
1266 1123 1304 1182 ut

165 1221 282 1285 Ovidio
301 1219 395 1304 quasi
415 1239 525 1284 ansam
541 1220 580 1282 ad
597 1219 677 1283 haee
692 1219 835 1284 carmina
850 1217 954 1299 daret,
972 1220 1037 1282 nisi
1052 1219 1136 1284 forte
1152 1221 1218 1284 vita
1232 1221 1303 1304 ipsa

168 1328 250 1392 haec
272 1325 396 1407 obtulit,
416 1327 512 1408 atque
532 1324 585 1388 ille
602 1343 637 1388 re
653 1343 738 1402 vera,
758 1343 841 1406 quae
859 1325 922 1407 ipsi
941 1325 1132 1406 acciderant,
1152 1327 1302 1389 narravit

259 1432 311 1497 Ad
331 1432 505 1516 Apuleium
525 1437 670 1496 revertor
694 1450 813 1514 easque
832 1431 966 1513 fabulas,
991 1451 1074 1514 quae
1094 1432 1304 1517 Milesiarum,

166 1546 203 1603 ut
223 1537 338 1600 volunt
356 1537 417 1598 viri
442 1534 537 1617 docti,
561 1535 683 1599 similes
706 1535 858 1600 historiae
883 1534 923 1599 de
941 1534 1042 1600 Lucio
1062 1537 1201 1600 insertae
1220 1543 1304 1601 sunt.

165 1641 239 1704 Hae
260 1657 388 1721 quoque
407 1640 475 1701 arte
499 1643 683 1721 congruunt
706 1657 781 1701 cum
804 1637 997 1719 quibusdam
1015 1639 1213 1703 Aristaeneti
1239 1640 1305 1723 epi-

166 1743 272 1807 stulis.
321 1740 474 1805 Conferas
510 1740 594 1803 enim
631 1739 751 1823 Apulei
787 1739 1088 1823 Metamorphoseon
1120 1741 1170 1804 IX
1199 1745 1305 1805 5-7.

167 1847 311 1911 17-21.
333 1845 384 1907 24.
405 1845 446 1906 25
472 1848 503 1907 et
518 1842 716 1907 Aristaeneti
733 1842 886 1926 epistulas
902 1843 919 1907 Ι
936 1846 964 1906 5.
982 1845 1000 1906 9
1021 1845 1055 1907 et
1071 1843 1105 1907 Π
1122 1844 1172 1907 22.
1198 1843 1306 1909 Facile

167 1952 217 2015 est
241 1949 374 2031 cognitu
397 1946 570 2030 scriptores
593 1946 627 2008 iu
648 1945 761 2010 eodem
784 1965 904 2030 genere
925 1948 1144 2011 narrationum
1162 1949 1305 2026 versari3

165 2073 243 2117 nam
264 2055 296 2115 et
308 2050 468 2135 Apuleius
486 2055 518 2112 et
532 2048 756 2113 Aristaenetus
774 2054 933 2130 enarrant,
953 2048 1071 2131 quibus
1087 2048 1169 2114 dolis
1187 2069 1307 2115 uxores

168 2160 201 2222 et
230 2160 388 2220 amatores
415 2152 543 2217 illarum
571 2157 714 2235 utantur,
743 2157 781 2216 ut
809 2152 941 2216 maritos
967 2151 1136 2235 decipiant.
1176 2152 1308 2217 Certum

169 2259 263 2323 videa
287 2256 471 2321 fabularum
490 2275 594 2340 genus
615 2255 654 2319 ab
673 2261 812 2338 utroque
833 2260 962 2319 auctore
981 2255 1015 2317 in
1035 2274 1111 2320 suos
1130 2275 1209 2320 usus
1233 2276 1308 2321 oon-

172 2382 308 2427 versum
317 2364 351 2439 ³).

262 2463 326 2529 Sed
354 2483 419 2527 non
449 2463 511 2527 hoc
538 2467 662 2526 tantum
690 2462 912 2525 narrationum
940 2481 1059 2545 genere
1084 2463 1309 2527 Aristaenetus

170 2571 291 2644 utitur3
304 2566 435 2631 adhibet
447 2567 543 2631 etiam
556 2564 783 2629 historicorum
795 2564 895 2628 libros
908 2567 940 2629 et
951 2565 1019 2647 ipsa
1029 2583 1158 2647 quoque
1167 2565 1310 2629 Alexan-

171 2672 340 2736 drinorum
377 2670 527 2734 earmina.
569 2669 767 2752 Incipiamus
803 2667 842 2732 ab
879 2667 1015 2751 epistula
1047 2667 1177 2751 113⁴),
1214 2668 1308 2733 cuius

267 2852 286 2918 ¹)
306 2848 396 2904 Simili
415 2848 534 2903 artificio
552 2846 668 2902 Ovidius
687 2845 761 2901 inter
785 2862 816 2901 se
841 2845 986 2914 coniungit
1004 2845 1110 2915 elegias
1133 2846 1195 2901 111
1217 2850 1246 2901 ct
1266 2846 1310 2915 12,

172 2934 336 3006 Propertius
357 2933 485 2989 carmina
504 2933 570 2987 18a
589 2937 617 2987 et
635 2933 687 2987 ab.

265 3027 287 3089 ¹}
304 3023 440 3078 Conferas
450 3021 543 3077 Ovidii
553 3027 705 3092 praecepta
716 3022 782 3092 (Art.
794 3021 905 3076 Amatl
919 3020 1058 3090 3hlsqq.),
1072 3020 1210 3090 Propertii
1222 3022 1256 3075 lll
1268 3021 1310 3076 15.

264 3115 286 3182 ³)
305 3114 366 3166 Duo
390 3112 533 3168 sufficiant
557 3112 694 3180 exempla,
721 3116 753 3166 ut
777 3127 944 3180 cognoscas,
971 3111 1063 3180 qualis
1087 3110 1218 3180 cognatio
1237 3110 1312 3166 inter

174 3203 239 3256 illas
260 3198 398 3267 epistulas
411 3196 583 3252 Aristaeneti
602 3200 630 3250 et
643 3196 757 3251 fabulas
770 3194 870 3265 Apulei
889 3195 1054 3250 intercedat.
1083 3196 1115 3248 ln
1128 3195 1310 3264 Metamorph.

175 3285 210 3340 IX
224 3285 296 3339 5-7
318 3283 420 3337 mulier
439 3282 588 3352 quaedam,
612 3282 692 3336 cuius
711 3282 832 3336 maritus
854 3281 948 3335 subito
969 3285 998 3335 et
1018 3280 1170 3349 exopinato
1198 3280 1312 3335 domum

175 3370 256 3437 redit,
276 3372 435 3423 amatorem
457 3367 533 3422 dolio
552 3367 664 3421 occulit.
691 3365 772 3433 Quod
794 3382 859 3421 curn
883 3367 1002 3421 maritus
1022 3365 1105 3421 alicui
1124 3364 1240 3433 homini,
1265 3365 1312 3434 qui

176 3455 245 3510 illud
274 3470 371 3508 secum
400 3454 472 3507 ferre
500 3453 530 3506 in
558 3452 654 3506 animo
683 3452 778 3519 habet,
810 3451 933 3506 vendere
960 3451 1038 3518 velit,
1069 3451 1171 3505 mulier
1198 3450 1313 3505 simulat

177 3539 327 3595 moechum
348 3538 429 3608 quasi
449 3542 604 3607 emptorem
623 3536 652 3590 iu
672 3536 777 3591 dolium
796 3536 988 3602 descendisse,
1007 3539 1038 3590 ut
1056 3535 1217 3589 firmitatem
1236 3534 1313 3589 illius

177 3624 328 3679 examinet.
353 3623 471 3678 Maritus
491 3622 579 3676 fretus
598 3622 692 3676 verbis
710 3622 809 3676 uxoris
829 3620 959 3676 adultero
983 3620 1088 3675 dolium
1106 3619 1213 3686 vendit,
1232 3635 1313 3689 prae-

177 3710 276 3765 sertim
297 3725 362 3764 cum
374 3708 421 3762 ille
441 3712 557 3776 septem,
578 3707 649 3762 alter
662 3707 753 3762 solum
767 3707 891 3776 quinque
906 3706 1039 3761 denarios
1053 3705 1164 3760 offerat.
1185 3735 1218 3744 -
1239 3703 1314 3759 Con·

178 3797 253 3851 feras
277 3795 448 3850 Aristaeneti
473 3793 623 3863 epistulam
646 3793 725 3861 1122,
752 3792 833 3848 cuius
857 3792 921 3846 finis
944 3790 1100 3846 intercidit:
1126 3805 1206 3857 uxor,
1232 3789 1313 3844 cuius

178 3881 297 3937 maritus
322 3897 357 3935 ex
381 3880 527 3950 inopinato
551 3879 631 3946 redit,
656 3879 815 3934 adulterum
838 3878 927 3932 vincit
951 3892 1070 3946 eumque
1089 3874 1203 3931 furandi
1225 3891 1313 3930 causa

179 3967 339 4036 ingressum
354 3964 476 4020 simulat.
502 3963 610 4019 Deinde
624 3963 749 4032 impedit,
764 3963 916 4032 quominus
930 3961 1048 4016 maritus
1061 3961 1139 4016 illum
1153 3961 1313 4029 interficiat,

180 4069 244 4108 cum
264 4052 333 4108 dicit
356 4068 388 4106 se
407 4052 498 4105 solam
521 4050 612 4105 furem
630 4067 719 4120 usque
739 4050 776 4104 ad
801 4051 855 4105 hoo
873 4053 992 4118 tempus,
1016 4064 1071 4117 quo
1091 4046 1224 4102 undecim
1245 4045 1315 4101 viris

180 4137 335 4193 tradendus
355 4137 401 4204 sit,
420 4135 561 4191 custodire
580 4136 659 4191 velle.

206 4215 215 4250 ‘
271 4227 294 4297 ⁴)
313 4226 422 4296 Rohde,
441 4226 496 4280 Der
514 4226 618 4296 griech.
637 4226 767 4280 Roman¹
786 4241 811 4294 p.
825 4224 868 4279 59.
888 4223 949 4278 366.
969 4223 1030 4277 369.

1167 4329 1202 4384 4*
