2962 4778
114 106 284 174 Quaestioncs
294 102 501 163 Tertullianeae
515 108 552 164 ad
564 108 666 163 librum
679 108 820 163 Adversus
830 78 960 164 Praxean
969 108 1151 178 pertinentes.
1185 102 1227 165 37

116 278 146 341 ἐκ
155 283 204 344 τοῦ
216 281 336 358 πατρὸς
348 281 478 360 {tutem
496 282 514 358 ἢ
527 280 567 344 οὐ
579 282 650 359 περὶ
663 280 860 357 οἱουδήπνος
873 282 1016 357 μείζονος
1030 279 1096 344 κατ’
1107 281 1229 359 ἀξίωμα

116 381 168 445 ἔςπ
183 384 294 457 λέγειν·
312 383 499 460 ’πρόςωπόν
519 403 579 461 μου
599 382 717 446 ἐκεῖνος
738 382 757 445 ὁ
778 381 951 460 ἄνθρωπός
968 382 1060 447 ἐςτιν’
1077 385 1126 447 καὶ
1142 383 1229 461 ’πρό-

116 485 209 549 ςωπὸν
229 507 282 563 μοι
303 487 455 564 παρέχει’;
480 483 498 547 ὁ
520 487 650 566 πατήρ,
670 487 745 564 φηςί
764 484 832 566 (Er.
849 485 916 549 Ioh.
933 486 1069 567 XIVao),
1089 487 1228 564 μείζων

117 604 176 658 μου
191 587 289 651 ἐςτιν.
315 586 365 666 ἆρ’
378 587 417 652 οὐ
433 589 608 666 πρόςωπον
624 588 707 653 ἔςται
720 588 790 651 υἱοῦ
805 587 957 669 όπατήρ;
974 592 1001 655 τί
1012 592 1071 668 γὰρ
1085 591 1168 663 λέγει
1180 591 1230 652 καὶ

117 687 260 770 taonem
284 694 465 769 πνεύματος
490 693 591 757 αὐτοῦ
616 693 793 771 πρόςωπον
812 687 940 772 Χριςτός
962 694 1078 771 κύριος.
1110 693 1230 758 Ultima

117 791 200 856 verba
213 795 256 857 ita
273 797 308 857 ut
320 793 548 877 Kroymannus
565 815 602 859 eo
619 796 793 877 constituit,
810 796 901 860 verti.
921 794 985 859 Sed
1000 815 1106 878 neque
1119 797 1230 859 sensui

113 891 158 955 sic
182 898 317 962 satisfeci
344 918 452 982 neque
480 898 550 963 Ioco
579 899 858 963 Lamentationum
882 898 942 962 Ier.
959 898 1005 960 IV
1017 923 1055 980 ro,
1083 898 1140 961 nbi
1168 900 1230 960 tra-

110 989 202 1062 ditur:
218 1001 350 1077 Πνεῦμα
364 1003 540 1078 προςώπου
556 1002 646 1080 ἡμῶν
663 999 789 1080 Χριςτὸς
809 1003 931 1080 Κύριος’
943 1004 973 1082 ¹).
992 1000 1098 1065 Deum
1113 1000 1231 1064 faciem

106 1111 176 1161 esse
192 1103 281 1183 finit)
306 1121 347 1166 ex
366 1104 432 1165 toto
452 1106 560 1166 nostro
585 1105 688 1188 capite
712 1109 858 1189 apparet:
879 1102 1135 1186 (acolt-mm)
1154 1105 1230 1167 ‘non

99 1205 192 1273 potes
215 1205 332 1286 videre,
356 1205 469 1287 inant,
497 1205 612 1271 factem
636 1228 756 1287 meam3
786 1229 849 1272 non
880 1210 967 1273 enim
990 1208 1113 1273 videbit
1136 1209 1230 1272 homo

94 1294 216 1372 faciem
247 1328 351 1373 meam
380 1312 411 1372 et
438 1309 621 1389 vivet...';
653 1312 714 1376 hoc
742 1314 770 1375 si
798 1312 888 1375 finus
917 1311 1008 1393 dicit,
1039 1312 1095 1394 qui
1124 1318 1232 1376 tamen

91 1399 278 1487 videbatur,
307 1432 372 1475 non
401 1413 543 1496 corporis
571 1415 621 1477 sui
650 1418 777 1499 proprie
806 1415 923 1479 facIem
947 1415 1034 1497 dicit
1063 1414 1120 1479 sed
1144 1415 1231 1478 eliud

81 1514 269 1580 quoddam.
304 1516 417 1579 Facies
444 1517 544 1598 igitur
566 1516 628 1579 filii
652 1520 700 1581 est
722 1522 828 1601 pater:
859 1521 895 1580 ut
918 1518 957 1582 de
981 1518 1088 1600 aliqua
1112 1519 1231 1581 maiore

72 1615 235 1683 persona
260 1619 369 1682 dicere
392 1637 580 1702 possumus:
606 1620 716 1684 ‘facies
741 1642 810 1686 area
835 1625 883 1685 est
906 1622 960 1686 iIIe
984 1622 1098 1704 homo’,
1124 1622 1168 1684 Ito
1192 1621 1232 1684 de

67 1713 202 1814 distre,
233 1723 288 1805 qui
319 1722 420 1785 maior
448 1724 497 1785 est
525 1721 661 1806 Christo,
690 1724 797 1789 dicere
826 1743 1012 1808 possumus:
1045 1724 1155 1787 ‘facies
1185 1726 1233 1787 est

63 1798 152 1879 filii
193 1826 305 1908 pater'.
349 1825 440 1902 Quod
477 1829 513 1889 ut
548 1827 771 1911 confirmetur,
805 1827 896 1891 Iocus
931 1827 1067 1890 affertur
1097 1826 1233 1890 Lamen-

60 1904 266 2018 t{stlocum
300 1932 386 1994 Ante
410 1930 517 1994 omnia
540 1931 641 2014 igitur
659 1935 836 1995 statuamus
855 1950 913 1994 suo
935 1931 1005 1993 iure
1023 1929 1178 1993 Ursinum
1197 1929 1232 1992 in

56 2002 167 2089 flue
190 2031 287 2096 ‘eius
310 2034 427 2097 faciem
450 2051 540 2096 suam
559 2083 565 2096 .
582 2083 588 2096 .
607 2084 613 2096 .
633 2035 862 2116 pronuntiavit’
883 2035 1057 2098 mutavisse
1081 2033 1114 2096 iu
1134 2035 1232 2097 ‘eum

54 2107 216 2199 faCiem
240 2157 331 2201 suam
349 2188 355 2200 .
374 2188 380 2200 .
398 2187 404 2200 .
424 2136 663 2220 pronuntiavit'.
695 2137 767 2200 Non
786 2137 838 2220 agi
857 2137 897 2201 de
916 2157 962 2219 eo,
984 2137 1070 2219 quod
1087 2136 1233 2200 Christus

55 2209 219 2303 faeiem
248 2241 309 2304 dei
339 2259 431 2303 suam
455 2240 683 2324 pronuntiavit,
711 2240 769 2304 sed
794 2239 880 2322 quod
903 2239 958 2302 ille
982 2238 1092 2303 deum
1115 2239 1233 2303 faciem

57 2331 196 2406 Suam
218 2344 449 2428 pronuntiant
473 2362 514 2407 ex
539 2343 696 2420 omnibus
721 2363 803 2425 quae
828 2344 972 2427 exposui,
996 2344 1074 2406 satis
1093 2349 1232 2427 apparet

58 2515 71 2539 .
104 2447 304 2542 foprmnnni
329 2449 437 2510 sutem
462 2446 665 2509 conIccturas
690 2446 776 2509 nullo
802 2445 894 2509 nrodo
919 2447 1065 2529 accipere
1086 2466 1232 2528 possum:

75 2540 124 2593 81
162 2547 306 2614 Christus
325 2569 462 2634 persona
480 2549 606 2633 paterni
625 2549 757 2631 spiritus
777 2556 833 2630 est
853 2549 967 2612 merIto
988 2548 1081 2612 cuius
1101 2549 1234 2632 spiritus

58 2635 237 2716 persona
254 2662 331 2735 crat
350 2652 384 2716 id
401 2659 450 2717 est
465 2652 572 2736 patric,
592 2653 664 2716 eius
680 2651 795 2715 faciem
812 2671 902 2714 suam
919 2701 925 2714 .
944 2699 950 2714 .
967 2701 974 2714 .
993 2653 1233 2734 pronuntiavit.

134 2752 296 2840 tellegere
326 2777 391 2820 non
423 2775 568 2839 possum,
600 2754 760 2836 quomodo
791 2754 925 2817 alterum
957 2773 1000 2817 ex
1029 2754 1128 2818 altero
1158 2775 1234 2819 con-

62 2840 272 2939 88(ρωποι
294 2879 400 2942 neque
419 2861 505 2923 enim
523 2858 623 2922 facies
643 2857 780 2922 alicuius
800 2877 870 2921 mea
889 2863 945 2938 est
965 2859 992 2920 si
1012 2859 1081 2922 eius
1100 2859 1233 2941 spiritus

66 2943 239 3025 pQrsona
268 2983 350 3026 sum.
387 2962 500 3045 Neque
529 2962 556 3025 si
586 2961 682 3026 ‘eum'
710 2961 939 3041 scriheremuS,
970 2980 1021 3025 res
1053 2960 1167 3024 melius
1198 2981 1233 3025 se

70 3029 242 3129 haberet.
279 3065 351 3129 Non
380 3085 512 3148 possum
540 3065 702 3128 homiuem
730 3065 847 3128 faciem
875 3083 980 3127 meam
1003 3065 1177 3144 nominare,
1206 3065 1233 3126 si

76 3156 240 3232 Persona
265 3170 336 3232 eius
361 3168 493 3252 spiritus
517 3187 596 3231 sum.
629 3167 778 3250 Intellegi
802 3167 863 3231 hoc
886 3167 1007 3249 nequit
1031 3186 1136 3249 neque
1156 3167 1234 3249 quid

82 3261 145 3333 Sit
178 3290 316 3355 persona
349 3272 539 3355 perspicies,
578 3271 663 3353 quod
699 3276 785 3334 certe
810 3288 879 3333 esse
915 3269 1011 3333 debet
1045 3271 1231 3349 πρόςωπον.

86 3362 319 3394 Χ...-

196 3420 215 3488 ι)
234 3417 315 3486 Quod
334 3418 370 3473 ad
389 3435 448 3472 rem
462 3418 571 3485 attinet,
591 3433 694 3472 revoco
709 3417 744 3471 ad
758 3434 801 3483 ea,
815 3432 887 3485 quae
901 3431 987 3483 supra
1000 3416 1126 3485 exposui.
1153 3416 1234 3486 Apud

93 3487 248 3558 Philonem
269 3506 355 3568 λόγος
378 3509 422 3559 est
445 3508 557 3570 πνεῦμα
577 3507 658 3570 θεοῦ,
677 3504 711 3557 cI.
730 3501 853 3557 Philonis
873 3502 912 3555 De
932 3501 989 3570 Gig.
1005 3501 1039 3555 19
1056 3518 1115 3571 sqq.
1134 3501 1150 3555 I.
1169 3519 1192 3556 c.
1211 3503 1234 3556 II

100 3581 207 3659 45sqq.
296 3589 352 3657 (22)
376 3591 485 3652 λέγεται
504 3590 536 3643 δὲ
555 3592 622 3642 θεοῦ
642 3593 753 3652 πνεῦμα
773 3628 777 3641 .
794 3629 820 3642 ..
840 3588 897 3655 (27)
917 3591 969 3639 νῦν
989 3589 1019 3640 δὲ
1038 3589 1072 3640 τὸ
1093 3588 1135 3639 ἐπ’
1155 3588 1232 3654 αὐτῷ

102 3675 216 3740 πνεῦμά
235 3675 291 3728 ἐςτι
303 3676 337 3728 τό
352 3676 452 3742 ςοφόν,
471 3677 505 3728 τὸ
520 3677 606 3741 θεῖον,
625 3675 660 3727 τὸ
674 3675 810 3741 ἄτμητον,
829 3674 863 3726 τό
878 3671 1048 3739 ἀδιαίρετον,
1067 3673 1100 3725 τὸ
1115 3674 1232 3737 ἀςτεῑον,

104 3761 136 3813 τὸ
154 3763 248 3829 πάντῃ
270 3760 304 3813 δι’
320 3761 397 3813 ὅλων
416 3760 684 3826 ἐκπεπληρωμένον.
714 3757 859 3826 Quomodo
879 3774 977 3811 omues
990 3758 1044 3812 hae
1058 3757 1234 3812 doctrinaea

105 3846 288 3915 scriptoribus
307 3845 508 3901 ecclesiasticis
528 3849 662 3913 acceptae
682 3845 746 3913 sint,
766 3860 852 3912 supra
870 3842 1000 3897 vidimus.

192 3932 215 3999 ⁸)
234 3930 339 3986 Vocem
358 3931 441 3986 faciei
461 3931 561 3986 eodem
579 3930 664 3985 modo
684 3934 848 3998 usurpatam
868 3929 943 3997 apud
963 3927 1126 3983 Ciceronem
1145 3926 1233 3982 hahes

106 4014 170 4071 Phit.
182 4017 240 4072 VIII
254 4017 272 4070 8
284 4015 312 4085 (θ
325 4016 382 4084 23);
402 4017 528 4070 ‘senatus
548 4015 622 4069 enirn
641 4015 743 4070 taciem
762 4030 859 4069 secum
878 4013 1027 4069 attulerat’.
1080 4036 1081 4039 ¹
