2894 4824
288 345 351 408 100
712 351 827 406 Victor
846 350 991 422 Conlon,

287 524 393 604 119,
416 525 457 585 10
485 523 691 600 Ἁμαρτωλίαε
722 523 945 603 Ἀριετοφάνηε
973 524 1101 606 Εἰρήνῃ,
1131 522 1269 587 Εύπολιτ
1293 523 1418 607 Μαρικᾷ

286 626 379 690 metri
398 644 496 689 causa
513 622 570 705 ὑφ’
594 624 793 704 ἁμαρτωλίας
811 626 968 709 scriptum
987 632 1044 690 est.
1070 625 1141 703 Qua
1159 625 1199 689 de
1222 647 1302 690 vnce
1322 626 1419 708 Blay·

287 729 395 793 desius
407 729 486 791 baec
498 733 622 791 monet:
641 728 746 811 “Ergo
759 729 941 807 ἀμαρτωλία
954 729 1108 792 dixerunt
1118 735 1228 792 nester
1241 736 1272 793 et
1284 729 1418 813 Eupolis

286 851 344 914 pro
368 832 533 894 usitatiore
557 830 690 909 ἁμαρτία
713 837 762 911 (ut
784 833 817 893 in
843 832 902 914 Vp.
921 834 1010 914 145),
1034 833 1078 894 ita
1102 839 1138 894 ut
1160 832 1354 914 ambiguitas
1378 833 1419 894 sit

286 937 319 998 in
336 935 476 997 nominis
492 933 743 1013 significatione:
762 954 899 1017 namque
916 935 1098 1014 ἁμαρτωλία
1113 935 1297 1017 significare
1314 940 1420 1018 potest

286 1038 338 1102 vel
362 1057 450 1102 error
481 1036 761 1118 (quemadmodum
794 1037 983 1115 ἁμαρτάνειν
1010 1041 1066 1114 τῆ(
1096 1037 1179 1100 ὁδού
1207 1037 1337 1118 dicitur)
1365 1037 1417 1101 vel

286 1140 503 1205 fraudulentia
524 1140 803 1222 (quemadmodum
829 1140 969 1223 explicat
991 1140 1185 1222 Hesychius
1209 1140 1415 1218 ἁμαρτωλύν;

285 1247 484 1323 πανοῦργον,
503 1243 678 1324 μοχθηρόν,
698 1244 837 1319 αἱμύλον.
862 1243 908 1306 cf.
928 1242 1051 1307 Thesm.
1074 1245 1156 1305 1111
1179 1243 1348 1320 ἀμαρτωλὴ
1368 1244 1417 1316 ri·

287 1347 399 1426 ρων.)’
422 1346 490 1408 Iam
509 1345 681 1409 lectioniS
705 1348 732 1409 si
755 1346 854 1411 fidem
878 1347 1020 1427 habenae,
1047 1348 1080 1409 in
1105 1345 1237 1428 syllabis
1260 1328 1416 1423 πάρέτρᾶ-

226 1455 228 1459 ’
286 1457 347 1528 γύν
371 1436 427 1533 ύφ’
451 1436 536 1517 ἀ-
558 1452 621 1516 duo
646 1454 798 1517 tribrachi
827 1453 979 1536 deinceps
1003 1455 1098 1536 positi
1122 1458 1237 1517 essent.
1271 1452 1416 1528 Quorum

286 1578 494 1622 numerorum
515 1575 690 1620 concursus
710 1567 867 1639 quantum
882 1563 988 1640 potest
1006 1558 1098 1620 vitari
1116 1557 1218 1620 debet
1242 1556 1417 1638 Propterea

286 1661 492 1726 retinendum
511 1665 560 1723 est
577 1660 700 1741 imperf.
717 1663 934 1739 παρέτρωγον,
951 1660 1138 1742 pracsertim
1156 1678 1229 1722 cum
1248 1660 1282 1720 in
1303 1679 1332 1722 v.
1350 1659 1415 1720 414

286 1765 388 1828 ferma
417 1763 521 1826 dualis
548 1763 671 1845 imperf.
699 1765 948 1841 παρεκλέτιτετην
976 1764 1168 1826 inveniatur.
1209 1762 1417 1825 Coniecturae

287 1875 395 1930 autem
419 1866 581 1947 Blaydesii
611 1867 644 1929 ct
666 1864 851 1929 Leeuwenii
880 1866 931 1946 (ci.
956 1885 1070 1929 eorum
1094 1865 1224 1943 adnott.)
1252 1865 1285 1926 in
1312 1864 1417 1928 medio

287 1971 443 2052 relinquo,
471 1971 589 2051 quippe
620 1988 702 2051 quae
730 1968 817 2031 nulla
841 1968 998 2051 probabili
1022 1988 1117 2032 causa
1141 1969 1292 2031 nitantur.

377 2073 472 2136 Initio
485 2092 514 2134 ν.
528 2074 612 2134 1144
630 2071 695 2135 ἀλλ’
713 2070 814 2151 ἄφευε
829 2077 894 2134 τῶν
911 2074 1062 2151 φαεήλων
1079 2070 1105 2133 ὦ
1118 2073 1211 2144 γύναι
1225 2074 1309 2147 τρεῖ(
1326 2072 1418 2149 χοίνι-

287 2198 344 2241 κατ
367 2178 400 2239 in
425 2176 446 2239 S
470 2176 624 2258 scriptum
648 2180 696 2238 est
719 2174 827 2255 ἄφευε,
852 2175 884 2237 in
909 2175 967 2238 RV
992 2173 1106 2254 ἀφαυε,
1129 2173 1186 2237 sed
1206 2172 1307 2251 ἄφευε
1333 2172 1359 2233 V
1383 2173 1418 2236 in

287 2299 349 2362 mg.
374 2279 508 2359 eiusque
532 2277 733 2341 οο1101.τινὲε
757 2279 914 2356 γράφουτι
939 2276 1069 2356 ἀφαυεε.
1099 2276 1187 2352 Quae
1212 2277 1300 2339 varia
1323 2276 1418 2340 lectio

287 2383 357 2446 sine
381 2381 478 2444 dubio
502 2382 548 2443 ita
578 2386 646 2443 orta
674 2385 735 2461 est,
768 2386 803 2442 ut
827 2401 842 2443 ε
869 2400 966 2463 supra
989 2380 1094 2461 ἀφαυε
1122 2382 1260 2463 positum
1284 2363 1419 2460 (ἀφύυε)

287 2504 344 2568 pro
368 2506 383 2548 ε
407 2484 580 2547 haberetur
603 2490 635 2547 et
661 2484 742 2546 falso
771 2491 841 2566 post
868 2505 887 2545 υ
911 2484 1087 2548 adderetur.
1120 2483 1296 2546 Videamus
1321 2501 1418 2563 nunc,

288 2594 396 2649 utrum
416 2586 522 2666 ἀφαυε
545 2606 585 2648 an
606 2585 706 2666 ἄφευε
725 2586 969 2669 praeferendum
990 2588 1040 2648 sit.
1066 2587 1216 2650 Plurimis
1236 2585 1323 2664 lucie,
1349 2585 1420 2666 qui-

287 2689 348 2751 bus
368 2689 510 2751 comicus
535 2688 595 2751 hcc
617 2688 715 2751 verbo
734 2689 844 2767 utitur,
868 2690 987 2752 maiore
1008 2691 1195 2752 auctoritate
1215 2690 1347 2767 ἀφεύειν
1371 2688 1420 2749 in-

289 2793 425 2871 venitur,
441 2797 478 2854 ut
492 2791 526 2852 in
538 2791 592 2854 Th.
604 2793 669 2853 216
683 2793 821 2871 ἀφεύειν,
839 2794 903 2854 236
917 2793 1055 2872 ἀφεύεω,
1073 2794 1136 2855 590
1150 2792 1294 2872 ἀφευτεν,
1309 2790 1363 2853 Εο.
1380 2793 1418 2853 13

289 2895 430 2974 ἀφεύων.
446 2894 485 2956 In
497 2894 554 2976 Eq.
564 2880 629 2957 394
643 2901 754 2958 contra
765 2895 880 2975 ἀφαύει
897 2896 1034 2958 traditur
1046 2897 1079 2957 in
1093 2895 1241 2958 omnibus
1254 2893 1421 2957 codicibus

288 3003 415 3080 practer
425 2997 461 3072 R,
475 2999 531 3080 qui
542 2999 656 3076 ἀφανει
669 2999 806 3080 praebet.
824 2999 894 3075 Quo
904 2998 961 3081 Eq.
973 2998 1042 3062 loco
1053 2999 1247 3063 Ribbeckius
1260 3017 1323 3061 non
1337 2998 1421 3061 male

290 3101 415 3180 ἀφαίνει
439 3102 584 3163 coniecit.
609 3100 724 3165 Nostro
740 3102 840 3184 igitur
859 3103 930 3166 loco
954 3104 980 3164 si
1002 3103 1074 3184 quis
1097 3102 1271 3183 Bergkium
1291 3101 1422 3164 (11Μοί-

290 3204 420 3267 nekium
440 3205 575 3267 forciam
595 3204 695 3282 ἀφευε
719 3212 845 3270 tuentes
869 3207 960 3286 sequi
977 3205 1123 3281 noluerit
1141 3207 1231 3268 nisus
1250 3204 1421 3269 Ribbeckii

290 3309 477 3371 coniectura
488 3309 522 3369 in
534 3307 591 3388 Eq.
603 3310 667 3370 394
679 3308 811 3372 Zacheri
825 3308 931 3371 verbis
941 3310 975 3371 in
990 3311 1043 3372 Ar.
1055 3309 1097 3372 St
1114 3310 1194 3392 pue
1204 3327 1273 3390 sqq.
1287 3308 1421 3371 defensa

290 3419 385 3493 atquc
406 3411 562 3474 illustrata
586 3431 628 3475 ex
653 3411 758 3491 ἀφαυε
781 3413 845 3476 leni
869 3413 1044 3476 mutatione
1065 3411 1180 3491 ἀφαινε
1198 3411 1370 3493 scripserit„

804 3595 822 3673 ξ
850 3594 898 3655 13.

381 3721 606 3798 Quaestionem
623 3728 763 3785 nostram
783 3722 822 3786 de
842 3723 959 3786 Suidac
978 3725 1114 3806 propriis
1134 3722 1325 3786 lectionibus
1345 3742 1421 3785 con·

291 3824 399 3888 cludat
418 3825 722 3888 Acharnensium
743 3825 858 3888 fabula.
885 3826 985 3889 Cuius
1002 3827 1035 3888 in
1052 3847 1081 3888 v.
1097 3827 1156 3889 127
1176 3825 1197 3888 S
1217 3824 1351 3889 exhibet
1366 3826 1422 3888 od·

291 3927 399 3990 bduor’
419 3928 493 4006 ἴτχει
512 3928 541 4001 γ’
564 3928 582 4003 ἡ
603 3930 693 4008 θύρα,
714 3928 741 3990 R
760 3928 909 3992 οὐδέποτ’
932 3930 1005 4007 ἴεχει
1025 3929 1114 4008 θύρα,
1134 3928 1245 3992 ΑΒΓΔ
1264 3928 1420 3991 οὐδέποτέ

291 4029 321 4103 γ’
344 4028 402 4107 ἴεχ’
423 4032 441 4107 ἡ
466 4032 555 4109 θύρα.
596 4031 675 4094 Cum
709 4031 729 4094 S
759 4037 791 4093 et
817 4032 846 4095 R
869 4033 902 4093 in
934 4031 1041 4094 verbis
1069 4029 1217 4094 οὐδέποτ’
1241 4031 1315 4108 laxe
1345 4049 1422 4092 con-

292 4134 438 4211 sentiant
463 4133 548 4196 haud
572 4136 638 4197 scio
662 4155 701 4197 an
727 4135 908 4216 corruptela
930 4135 977 4196 sic
996 4133 1185 4217 explicanda
1209 4135 1258 4214 sit,
1282 4143 1318 4195 ut
1341 4131 1374 4194 in
1394 4133 1423 4198 R

292 4237 322 4312 γ’
338 4240 356 4315 ἡ
372 4245 502 4321 propter
517 4239 638 4302 litteras
655 4260 699 4318 χει
717 4239 890 4302 excideret.
915 4237 984 4314 Quo
1000 4239 1083 4302 iacto
1101 4258 1227 4302 versum
1244 4238 1422 4301 enumeris
