3308 4938
351 384 395 447 34
715 385 853 457 Ludwig
871 387 1113 457 Rosenmeyer,

351 561 508 626 morietur
530 562 586 644 qui
607 559 700 623 illum
718 559 851 632 vident:
876 559 1091 622 invenimus.
1108 607 1115 620 .
1132 607 1139 620 .
1159 563 1192 622 et
1214 578 1234 622 a
1256 557 1366 622 multis
1385 556 1477 621 deum

351 666 457 730 visum
476 667 509 728 et
526 663 688 728 neminem
707 665 814 726 umen
833 680 954 744 eorum,
973 661 1031 744 qui
1049 680 1124 726 eum
1142 659 1298 742 viderant,
1317 662 1478 724 mortuum

351 805 394 814 -
423 769 528 832 visum
536 769 559 849 ¹)
589 765 718 849 quidem
750 765 845 830 deum
876 764 1056 830 seeundiun
1083 763 1251 828 hominum
1278 763 1477 848 capacitates,

350 889 416 934 non
439 870 618 936 seeundum
641 867 875 953 plenitudinem
900 868 1096 933 divinitatis’.
1129 868 1335 933 Patriarebae
1358 871 1391 932 et
1408 887 1478 952 pro·

350 973 473 1058 phetae,
502 975 555 1056 qui
585 972 733 1037 viderant
761 991 843 1054 eum,
872 972 940 1036 ‘aut
966 973 1049 1035 mori
1073 971 1257 1054 debuerant
1285 973 1314 1034 si
1337 989 1410 1035 eum
1434 970 1478 1032 vi·

350 1076 533 1160 derant-
554 1076 666 1142 deum
689 1077 789 1140 enim
811 1094 920 1140 nemo
940 1074 1087 1139 videbit
1110 1079 1147 1138 et
1170 1075 1274 1138 vivet
1292 1111 1334 1120 -
1353 1079 1410 1137 aut
1424 1122 1431 1136 .
1447 1123 1477 1136 ..

350 1182 511 1265 seriptura-
533 1181 688 1244 mentitur
711 1178 806 1243 deum
835 1177 973 1242 dixisse:
1003 1177 1143 1242 faeiem
1171 1197 1287 1242 meam
1315 1177 1424 1240 homo
1447 1177 1478 1239 si

349 1282 508 1366 viderit,
532 1303 606 1348 uon
630 1283 759 1347 vivet'.
793 1281 918 1358 Quibus
941 1279 1048 1345 verbis
1071 1281 1229 1344 sententia
1250 1278 1403 1344 conclusa
1421 1283 1478 1360 est

352 1387 488 1452 altemm
517 1386 594 1450 ‘aut'
622 1388 662 1467 (v.
684 1385 737 1467 19)
766 1385 899 1468 adiungi
928 1405 995 1450 nou
1026 1389 1141 1468 potest,
1170 1384 1264 1468 plane
1294 1385 1380 1448 enirn
1408 1402 1478 1448 sen-

350 1491 484 1554 tentiam
512 1489 642 1554 deleret
681 1488 792 1554 Lectio
821 1489 969 1554 codicum
1000 1489 1101 1572 igitur
1127 1493 1215 1552 reeta
1241 1508 1306 1552 non
1334 1491 1391 1552 est
1430 1487 1478 1552 Ne

351 1589 552 1673 Kroymanni
572 1590 704 1674 quidem
722 1590 908 1655 oonieotura
926 1590 1053 1674 plaeere
1068 1591 1149 1654 mihi
1167 1593 1281 1675 potest,
1297 1593 1392 1656 euius
1411 1591 1478 1654 ani-

351 1713 403 1758 mo
425 1695 510 1758 eerto
531 1692 717 1757 observatus
738 1696 787 1758 est
804 1693 897 1758 loeus
909 1693 1080 1758 Novatiani
1095 1693 1141 1759 lle
1157 1694 1229 1758 trin.
1243 1714 1270 1758 o.
1280 1693 1345 1757 XV
1357 1693 1478 1776 (Migne

353 1797 480 1879 939B):
506 1795 684 1879 ‘Numquid
707 1816 782 1880 ergo
802 1798 965 1879 mentitur,
989 1817 1064 1861 eum
1089 1817 1131 1862 ex
1154 1797 1217 1862 hoo
1236 1796 1356 1861 mundo
1375 1797 1428 1878 ait,
1451 1797 1478 1860 si

351 1901 446 1965 homo
465 1899 695 1964 tandummodo
714 1901 778 1964 stt?
803 1903 871 1966 Aut
889 1901 917 1964 si
936 1921 1000 1964 non
1020 1902 1182 1984 mentitur,
1205 1921 1271 1965 non
1290 1907 1398 1966 estex
1418 1901 1479 1964 hoe

350 2004 491 2068 mundo’.
524 2001 627 2067 Illulto
652 2003 828 2086 simplicior
851 2005 900 2067 est
921 2006 1064 2087 mutatio
1089 2024 1185 2087 quam
1207 2003 1478 2069 Reitzensteiuius

350 2106 531 2190 proposuit:
552 2103 649 2168 ‘haud
668 2106 824 2169 mentitur
842 2107 1010 2189 seriptura'
1027 2107 1079 2171 vel
1095 2107 1265 2191 ‘scriptura
1283 2106 1370 2170 haud
1388 2125 1478 2170 men·

350 2210 437 2292 titun
453 2228 560 2291 neque
576 2228 652 2273 eum
667 2209 808 2272 invisum
825 2229 931 2291 neque
948 2229 1022 2274 eum
1034 2211 1139 2274 visum
1152 2210 1249 2273 deum
1261 2208 1398 2293 profert:
1414 2209 1477 2272 iam

349 2331 425 2395 ergo
438 2312 520 2376 alius
533 2361 539 2375 .
553 2361 559 2375 .
573 2311 591 2374 .’
612 2309 704 2388 Quod
717 2310 939 2376 Cluniaeensis
955 2313 1076 2378 codicis
1088 2313 1281 2396 archetypus
1293 2311 1478 2395 praebuisse

351 2415 515 2495 videtum).
544 2413 709 2478 Sententia
732 2413 916 2498 principalis
943 2414 1135 2478 affirmativa
1158 2415 1259 2478 luisse
1278 2433 1341 2477 non
1365 2416 1478 2496 potest,

350 2537 423 2582 eum
434 2517 577 2598 alioquin
588 2515 714 2598 ‘neque’
724 2517 758 2578 in
769 2516 803 2580 M
814 2515 924 2581 eodIce
936 2535 1000 2580 non
1013 2516 1232 2600 Intellegatur:
1244 2517 1311 2581 'aut
1322 2517 1478 2599 scriptura

350 2620 511 2700 mentitur,
527 2637 632 2701 neque
649 2638 722 2683 eum
738 2620 880 2683 invisum
897 2639 1003 2702 neque
1019 2639 1093 2683 eum
1109 2619 1214 2683 visum
1231 2619 1327 2684 deum
1346 2617 1477 2702 proiert’

350 2721 525 2785 absurdum
553 2726 608 2804 est,
636 2722 824 2804 praesertim
848 2741 980 2787 sumre
1004 2742 1081 2786 vera
1103 2723 1263 2806 scripture
1285 2722 1380 2786 modo
1403 2721 1478 2784 visi-

350 2823 457 2906 bilem,
470 2823 563 2888 modo
576 2824 772 2889 invisibilem
785 2824 882 2890 deum
893 2827 1040 2908 proferat
1070 2824 1292 2890 OluniaeensIS
1307 2825 1477 2890 lectionem

351 2926 458 2991 dicere
482 2932 593 2990 eontra
615 2929 806 2991 sententiam
832 2927 859 2992 P
887 2928 1008 2993 eodieiS
1035 2927 1186 2992 librarius
1214 2927 1477 2992 animadvertisse

350 3030 487 3111 videtur,
509 3031 563 3112 qui
585 3029 702 3111 ‘neque
715 3068 757 3076 —
770 3033 888 3114 neque’
906 3032 1055 3112 extinxit,
1072 3031 1149 3095 'aut’
1170 3030 1350 3110 substituit3
1373 3029 1477 3110 ‘eum’,

352 3132 437 3215 quod
450 3131 653 3196 Florentinus
669 3132 719 3195 bis
735 3133 838 3216 affert
853 3135 936 3197 nibil
952 3135 1015 3198 nisi
1030 3135 1156 3218 lapsum
1172 3134 1285 3198 calanu
1302 3153 1372 3198 esse
1384 3151 1477 3197 nemo

352 3237 495 3321 negabit3
512 3235 662 3320 profert,
679 3235 765 3319 quod
781 3237 807 3300 P
824 3238 964 3321 praebet
980 3235 1171 3301 servandum
1189 3245 1238 3302 est
1253 3243 1364 3302 eontm
1379 3235 1479 3320 ‘prae-

351 3339 423 3405 fert’
442 3339 641 3422 reliquorum
660 3338 816 3403 oedieum.
851 3338 904 3402 Ad
923 3345 1068 3404 nostrum
1087 3339 1196 3404 locum
1214 3340 1312 3404 velim
1332 3339 1478 3404 conferas

352 3441 523 3505 Novatiani
554 3441 574 3506 l.
594 3441 614 3504 l.
635 3441 751 3504 XVIII
770 3441 892 3523 (Migne
914 3443 978 3505 946
989 3443 1025 3524 B,
1043 3443 1093 3524 Ol:
1118 3441 1216 3507 ‘Eeoe
1239 3443 1325 3506 idem
1348 3441 1478 3523 Moyses

352 3543 452 3607 refert
469 3543 531 3606 alio
550 3545 585 3606 in
603 3543 683 3623 loeo,
705 3545 790 3626 quod
809 3544 959 3610 Abrahae
978 3547 1067 3610 visus
1086 3547 1129 3610 sit
1147 3545 1237 3611 deus.
1273 3545 1375 3627 Atqui
1394 3543 1478 3608 idem

352 3645 482 3727 Moyses
505 3645 595 3709 audit
617 3665 636 3708 a
660 3645 729 3729 deo,
760 3647 844 3730 quod
876 3667 969 3712 nemo
1001 3649 1167 3713 hominum
1198 3647 1294 3712 deum
1317 3645 1426 3711 videat
1448 3647 1480 3709 et

352 3749 447 3812 vivat.
487 3747 521 3812 Si
545 3747 650 3813 videri
676 3769 741 3814 non
765 3753 870 3834 potest
893 3749 982 3834 dene,
1011 3751 1171 3834 quomodo
1195 3751 1284 3815 visus
1307 3751 1356 3815 est
1378 3749 1479 3814 deus?

353 3855 408 3916 aut
424 3852 451 3915 si
468 3851 556 3915 visus
573 3854 629 3935 est,
646 3853 806 3935 quomodo
823 3851 927 3918 videri
942 3873 1008 3918 non
1023 3857 1149 3937 potest?
1182 3854 1265 3918 Nam
1287 3855 1319 3918 et
1333 3853 1479 3933 Ioannes

351 3951 566 3963 *-

445 3985 463 4054 Ι)
483 3985 524 4040 lta
542 3985 740 4055 Interpungere
759 3986 857 4052 velim;
878 3987 932 4040 hoc
952 3985 1033 4056 quasi
1050 3985 1079 4040 in
1092 3985 1255 4055 parenthesi
1269 3983 1479 4053 superadditum

352 4077 402 4127 est.
432 4073 474 4126 Ad
497 4072 569 4127 haee
591 4071 680 4126 verba
698 4074 809 4141 spectat
834 4073 1103 4141 sententiatum:
1124 4072 1164 4126 ‘ut
1182 4069 1352 4125 inmsibilem
1371 4075 1480 4138 petrem

352 4156 548 4226 intellegamus
567 4173 618 4226 pro
637 4155 813 4227 plenitudine
832 4156 1002 4222 maiestatis,
1027 4157 1168 4211 visibilem
1190 4171 1259 4211 vero
1281 4155 1371 4210 filium
1394 4169 1480 4224 agno

352 4257 465 4296 scamus
484 4259 534 4312 pro
553 4241 668 4298 modulo
687 4240 891 4298 derivationis?

442 4327 463 4396 Ι)
483 4327 678 4382 cluniacensis
698 4327 758 4398 ipse
778 4329 854 4380 certo
874 4325 931 4382 iam
950 4327 1138 4396 corruptelam
1156 4325 1293 4396 praebuit.
