3096 4924
232 411 436 480 Quaestiones
457 414 573 469 criticae
593 413 621 468 in
639 413 834 484 Aristophanis
853 413 971 469 fabulas.
1110 407 1171 472 157

1 607 2 612 ’
51 587 166 650 ἅπαντα(
189 585 325 664 ἐκφέρω
351 591 414 650 aut
433 586 513 650 Eur.
529 586 624 651 Herc.
642 587 726 650 1131
748 586 818 651 ἰδοὺ
838 587 943 651 aecem
961 588 1037 651 τάδε
1054 587 1175 650 τέκνων

50 691 189 765 mommo„
213 688 375 771 Namque
400 688 506 753 altero
529 689 599 754 loco
620 689 718 754 Cleon
742 689 847 754 solum
867 689 1052 772 isioiarium,
1076 689 1175 752 altero

50 791 217 874 Amphitruo
243 791 360 855 solum
384 791 565 856 Herculem
590 793 771 876 alloquitur.
808 793 958 859 Ceterum
981 791 1055 857 vide
1079 791 1119 856 de
1142 791 1175 854 vi

49 901 73 956 et
96 895 335 976 significatione
369 896 465 959 vocis
497 897 567 960 ἰδοὺ
598 895 637 961 do
664 897 903 962 Wilamowitnii
936 900 1104 960 comment.
1135 893 1176 958 ad

49 997 107 1060 Ean,
126 997 220 1061 Hero.
250 998 345 1061 1131
378 1001 576 1083 scripturam
604 1000 673 1064 ἰδοὺ
703 1005 815 1066 θεᾶεθε
842 1001 876 1063 in
904 1000 986 1064 th.
1010 999 1075 1061 366
1104 1017 1176 1081 pro-

48 1099 141 1162 hantis,

117 1205 152 1268 In
175 1205 438 1287 Lysistratae
468 1225 496 1267 v.
518 1207 579 1268 957
604 1209 668 1269 ποῦ
693 1209 897 1286 κυναλώπηξ;
922 1205 1056 1289 (EUM,
1081 1225 1176 1284 χηνα-

48 1310 136 1386 λώπηὶ
156 1308 195 1388 R)
222 1309 369 1373 lectioni
394 1309 426 1372 R
454 1307 539 1372 fides
563 1307 750 1392 deneganda
774 1314 829 1372 est.
865 1309 944 1372 Nam
970 1307 1176 1372 adnotatione

47 1411 141 1474 ochoi:
158 1413 176 1475 ὁ
194 1413 443 1492 Φιλὸσρατοε·
462 1414 511 1477 καὶ
526 1411 666 1492 ἀλλαχοῦ
684 1413 919 1493 “Φιλό(τρατοε
933 1413 952 1492 ἡ
965 1410 1176 1490 κυναλώπηξ”

48 1513 180 1578 docemur
190 1515 440 1580 Philostratum
456 1513 605 1578 lenonem
619 1515 772 1599 intellegi,
790 1516 843 1580 cui
859 1516 956 1580 etiam
971 1517 1006 1578 in
1021 1514 1079 1597 Eq.
1090 1514 1175 1576 1069

48 1637 202 1698 cognomen
219 1621 427 1698 κυναλώπηξ
444 1619 501 1682 cai
524 1617 718 1698 Χηναλώπηξ
732 1637 818 1702 vero,
835 1619 921 1702 quod
937 1619 1021 1683 vafri
1036 1617 1177 1681 hominio

48 1739 203 1804 cognomen
228 1728 289 1804 est,
314 1721 374 1802 (cf.
397 1721 500 1785 schol.
521 1719 561 1784 ad
579 1722 658 1786 Ach.
676 1723 757 1786 855:
782 1723 987 1803 Aocicrporoc
1010 1723 1058 1786 ἐπὶ
1077 1725 1177 1799 μαλα-

48 1825 86 1904 κίᾳ
109 1825 299 1908 διεβάλλετο,
331 1826 486 1889 ἐκαλεῖτο
511 1827 618 1889 δὲκαὶ
645 1829 846 1909 χηναλώπηξ)
873 1827 1051 1891 sententiae
1079 1825 1177 1889 huius

47 1923 98 1989 loci
117 1947 177 1990 non
201 1928 375 1992 convenit„
