2978 4814
266 337 311 400 40
697 342 815 398 Victor
834 342 977 411 Coulon,

267 515 405 591 editores
442 516 577 580 formam
619 517 731 594 χροιὰν
768 518 969 598 receperunt
1006 514 1096 592 Quae
1134 536 1210 580 cum
1244 517 1289 580 ite
1327 517 1401 598 sint,

267 640 460 703 quamquam
500 638 607 703 neque
645 620 746 699 χρόα(
779 637 887 701 neque
921 623 1033 699 χροιᾶε
1064 626 1165 685 metro
1196 621 1400 702 adversatur,

266 729 375 787 temen
399 723 499 802 χρύαε
522 722 629 805 s-V,
654 724 774 807 quippe
798 723 883 805 quod
904 724 1020 788 ceteris
1039 723 1206 788 codicibus
1223 729 1255 788 et
1270 723 1401 787 scholiis

268 826 491 909 confirmetur,
522 845 596 890 cum
627 825 791 890 Meinelrio
822 830 854 890 et
876 825 1018 890 Veleeno
1048 825 1096 889 illi
1126 829 1236 905 χροιᾶε
1259 826 1288 890 Β
1311 844 1401 909 prue-

267 929 354 994 ferre
377 930 483 994 velim.

357 1033 401 1096 In¹
419 1054 448 1096 v.
467 1032 554 1097 1085
572 1033 601 1097 R
621 1033 754 1098 exhibet
772 1032 889 1097 oliverti
906 1053 985 1098 ποτε
1003 1033 1062 1098 tert
1081 1053 1128 1097 τοι
1147 1035 1196 1096 καὶ
1214 1035 1272 1110 τὴν
1290 1033 1400 1113 τρύγα,

267 1136 365 1201 s-V
382 1155 462 1200 corr.
479 1136 659 1200 εανεκιτοτέ’
673 1136 733 1200 tert
745 1156 791 1200 τοι
807 1137 856 1199 καὶ
871 1138 929 1214 τὴν
944 1137 1052 1218 τρύγα,
1068 1136 1162 1200 sedV
1174 1155 1219 1219 pr.
1237 1156 1277 1199 m.
1294 1156 1402 1201 ευνεκ·

266 1239 354 1304 ποτέ
374 1240 435 1303 ἐστὶ
458 1241 507 1303 καὶ
529 1240 587 1316 ιὴν
610 1240 709 1317 τρύγα
733 1258 775 1303 τε.
800 1238 930 1303 Scribee
954 1239 1082 1302 incuria
1104 1240 1139 1302 in
1157 1238 1186 1303 R
1204 1239 1284 1302 illud
1309 1237 1402 1303 αύνε-

268 1343 306 1406 κά
322 1363 398 1406 ποτε
422 1346 528 1405 ortum
551 1360 620 1406 esse
643 1345 738 1424 patet
762 1341 856 1405 Prior
871 1344 980 1406 autem
995 1342 1090 1405 lectio
1105 1341 1136 1403 V
1152 1344 1202 1405 καὶ
1224 1343 1282 1418 τὴν
1300 1341 1401 1419 τρύγα

268 1464 301 1510 τε
323 1443 400 1509 inde
424 1446 498 1508 nota
521 1443 657 1526 videtur,
687 1445 773 1527 quod
798 1450 960 1509 corrector
982 1444 1033 1509 vel
1063 1445 1132 1528 ipse
1155 1444 1305 1508 librarius
1327 1463 1401 1529 pro·

268 1548 398 1611 nomine
426 1568 473 1612 τοι
502 1545 709 1631 indiligenter
736 1545 882 1631 neglecto
911 1568 943 1612 τε
970 1547 1049 1611 falso
1076 1548 1110 1611 in
1135 1553 1279 1611 extremo
1304 1565 1401 1611 versu

268 1649 398 1714 addidit.
432 1652 540 1732 Atque
564 1669 641 1714 vere
663 1653 822 1734 scripture
845 1671 891 1714 τοι
915 1653 963 1715 καὶ
986 1653 1044 1728 τήν
1066 1653 1166 1729 τρύγα
1189 1651 1223 1713 in
1240 1648 1270 1711 V
1286 1669 1401 1715 secun-

269 1753 346 1817 dum
363 1753 540 1818 Velsenum
563 1774 583 1817 e
605 1755 699 1817 tertia
722 1773 820 1817 menn
843 1753 991 1818 restituta
1015 1756 1071 1816 est.

357 1856 395 1920 In
419 1877 448 1920 v.
468 1858 553 1920 1110
577 1857 596 1935 ἡ
620 1860 741 1930 γλῶττα
771 1862 816 1940 τῷ
848 1858 956 1935 κήρυκι
985 1857 1110 1920 τούτων
1137 1858 1278 1934 τέμνεται
1301 1856 1329 1921 R
1357 1859 1401 1931 γί-

268 1978 353 2024 νεται
376 1959 516 2044 praebet,
541 1958 640 2024 S—V
663 1961 813 2041 τέμνεται,
833 1959 890 2023 sed
910 1959 1016 2024 addito
1040 1981 1087 2039 γρ.
1104 1961 1217 2035 γίνεται
1236 1961 1270 2022 in
1287 1980 1347 2041 mg.
1361 1959 1399 2023 V.

269 2123 320 2188 le
338 2145 401 2207 quo
419 2124 570 2209 colligere
581 2125 658 2190 lieet
670 2127 705 2189 in
717 2125 892 2209 archetypo
904 2126 1024 2190 imese:
1048 2057 1196 2203 τέέιννεεττέέι.
1221 2126 1268 2190 Cf.
1281 2126 1402 2190 similes

269 2227 356 2292 locos
386 2230 420 2291 in
444 2249 472 2292 v.
491 2230 555 2292 596
578 2249 608 2312 p.
625 2231 667 2292 39
692 2234 725 2292 et
746 2248 775 2292 v.
793 2230 856 2292 271
881 2249 911 2312 p.
929 2231 970 2291 55
997 2234 1156 2293 tractatos.
1181 2232 1289 2311 Atque
1315 2227 1403 2310 quod

268 2333 404 2396 verbum
427 2334 540 2408 γίνεται
564 2332 754 2396 Dindoriius
778 2339 810 2396 et
832 2332 990 2416 Bergkius
1013 2334 1153 2417 amplexi
1177 2336 1261 2412 sunt
1290 2350 1403 2396 vereor

268 2439 306 2499 ut
335 2442 422 2501 reete
444 2436 590 2499 fecerint
626 2435 719 2500 Certe
742 2438 884 2515 τέμνεται
908 2456 1036 2502 servare
1060 2440 1199 2520 praestat
1226 2455 1300 2500 cum
1324 2435 1403 2500 Mei-

268 2540 374 2620 nekio,
398 2540 454 2621 qui
477 2540 512 2601 in
528 2538 624 2601 Vind.
642 2541 696 2602 Ar.
714 2560 742 2622 p.
761 2541 824 2603 223
849 2541 990 2618 τέμνεται
1007 2540 1151 2605 defendit
1173 2540 1262 2604 hisce
1278 2539 1402 2603 verbis:

269 2641 374 2705 “Mihi
389 2643 568 2706 sententiae
592 2641 654 2706 loci
680 2643 776 2707 unice
800 2643 975 2707 convenire
999 2643 1128 2707 videtur
1149 2645 1298 2724 τέμνεται,
1316 2643 1401 2725 quod

268 2745 418 2826 ambigue
442 2745 564 2808 dictum
589 2752 644 2827 est,
662 2745 718 2809 sed
742 2752 778 2809 ut
801 2746 1008 2829 praecidendi
1032 2745 1083 2809 vel
1106 2745 1278 2809 excidendi
1303 2747 1403 2829 signi-

268 2848 378 2912 ficatio
402 2847 614 2931 praeveleet'’.

359 2951 407 3015 De
438 2952 660 3034 discrepentiis
691 2951 787 3014 S-V
813 2973 832 3015 o
860 2951 889 3016 R
918 2953 952 3014 in
983 2950 1117 3033 reliquis
1148 2951 1266 3016 fabulis
1296 2951 1403 3015 fusius

270 3055 498 3139 disputandum
522 3055 615 3118 nobis
638 3075 703 3118 nou
728 3057 784 3119 est.
841 3042 843 3047 ¹
