2978 4814
289 343 478 412 Quaestiones
496 344 611 399 criticae
630 344 660 398 in
678 343 874 413 Aristophanis
894 344 1013 398 fabulas.
1177 341 1216 401 tl

564 964 667 1047 Caput
690 964 745 1027 IV.

606 1113 624 1191 β
651 1112 699 1173 10.

171 1250 350 1334 Pergamus
366 1253 406 1316 ad
422 1252 540 1318 Suidae
556 1255 700 1337 proprias
716 1253 898 1335 scripturas
924 1252 1009 1328 Quas
1025 1272 1089 1315 non
1106 1272 1217 1316 omnes

87 1357 292 1439 proferemus,
317 1376 392 1420 cum
417 1361 450 1420 et
472 1356 603 1437 longum
628 1376 734 1439 neque
758 1375 873 1439 operae
896 1359 1035 1438 pretium
1063 1375 1135 1419 esse
1160 1356 1218 1419 du-

87 1480 199 1541 camus,
214 1479 479 1542 unamquamque
491 1480 601 1524 earum
614 1459 731 1523 Suidae
744 1459 994 1522 voluntariarum
1006 1459 1218 1522 mutationum

86 1582 282 1644 enumerare,
302 1563 360 1626 ubi
379 1562 494 1626 additis
510 1563 562 1626 vel
581 1563 706 1626 omissis
722 1562 885 1626 nonnullis
902 1561 1065 1625 vocabulis
1082 1562 1132 1625 vel
1148 1581 1218 1626 ver-

81 1666 193 1729 borum
212 1665 328 1729 ordine
343 1666 510 1728 immutato
527 1672 559 1728 et
574 1671 752 1748 permutato
769 1665 981 1729 deformatum
995 1665 1218 1748 depravatum-

86 1789 143 1852 quc
160 1789 292 1833 versum
309 1771 343 1830 in
360 1768 494 1831 schedas
510 1787 585 1832 suas
600 1771 729 1852 recepit.
762 1769 806 1833 Ut
822 1770 933 1850 paucis
949 1768 1096 1831 delibatis
1109 1787 1218 1832 exem-

84 1873 140 1955 plis
156 1872 380 1955 lexicographi
397 1889 553 1934 summam
570 1871 737 1935 libidinem
754 1877 849 1953 atque
866 1872 1027 1935 licentiam
1041 1870 1216 1934 illustrem:

85 1976 197 2040 Suidas
220 1997 245 2040 s.
263 1997 292 2039 v.
309 1978 398 2055 τριβή
423 1976 520 2039 verba
544 1976 603 2039 οὐκ
627 1975 736 2054 ἄχαρις
760 1975 791 2039 ἐς
810 1978 867 2051 τήν
885 1977 994 2053 τριβήν
1013 1994 1055 2038 ex
1075 1977 1133 2038 Av.
1154 1976 1217 2038 156

85 2082 249 2162 proferens
273 2086 347 2143 ante
372 2080 430 2144 οὐκ
455 2078 573 2158 ἄχαρις
588 2079 628 2143 de
653 2098 711 2141 suo
735 2079 861 2142 infersit
884 2078 978 2143 οὗτος
1002 2081 1057 2154 μὲν
1078 2079 1146 2158 οὖν,
1165 2078 1217 2142 vel

85 2202 106 2245 s,
118 2203 145 2246 ν.
158 2183 426 2261 πραγματοδίφης
441 2182 540 2246 verba
555 2184 614 2246 Av.
631 2182 806 2244 1423-24
825 2181 851 2243 ὼ
869 2182 997 2258 μακάριε
1014 2184 1069 2257 τῆς
1090 2182 1217 2259 τέχνης·

86 2290 130 2349 καὶ
145 2288 411 2365 πραγματοδίφης
430 2285 477 2348 sic
499 2286 710 2368 transposuit:
726 2268 785 2347 καὶ
804 2285 1077 2362 πραγματοδίφης.
1099 2276 1138 2346 Ὠ
1163 2304 1219 2359 μα-

86 2391 167 2466 κάριε
186 2395 243 2466 τῆς
261 2391 391 2467 τὲχνης;
417 2389 625 2471 eiusdemque
644 2389 766 2452 farinae
786 2392 862 2451 sunt
878 2388 903 2449 V
910 2408 939 2470 p.
958 2389 1023 2449 668
1043 2408 1066 2450 s.
1085 2407 1112 2449 v.
1132 2409 1218 2465 περι-

86 2494 212 2572 πεφθείς
232 2493 379 2555 ιτούτοις
401 2495 467 2555 τοῖς
491 2491 648 2569 ῥηματίοις
676 2493 885 2570 περιπεφθείς,
911 2489 1019 2568 ἄρχειν
1045 2491 1123 2567 αἱρεῖ
1147 2510 1218 2554 ςαυ-

87 2599 139 2661 τοῦ
169 2615 228 2678 pro
257 2593 407 2657 codicum
436 2594 572 2658 lectione
601 2593 709 2672 ἄρχειν
738 2594 818 2672 αἱρεῖ
845 2597 960 2656 ςαυτοῡ
991 2595 1117 2656 τούτοις
1145 2596 1218 2674 xri„

88 2697 138 2760 lla.
157 2700 245 2761 1280
270 2717 293 2760 s.
311 2718 339 2760 ν.
365 2701 531 2776 βουβωνιῶ
550 2719 556 2760 z
576 2700 742 2775 βουβωνιῶ
771 2697 833 2773 γὰρ
861 2697 906 2757 τῶ
931 2696 1042 2773 νεφρὼ
1067 2695 1129 2757 ὑπὸ
1153 2700 1219 2758 τῶν

88 2803 194 2865 κόπων
211 2822 270 2885 pro
287 2803 351 2865 ὑπὸ
368 2805 433 2864 τῶν
450 2801 560 2865 κόπων
576 2801 636 2877 γὰρ
653 2802 698 2862 τῶ
714 2803 825 2878 νεφρὼ
839 2803 1014 2878 βουβωνιῶ.
1039 2798 1106 2862 lam
1118 2801 1218 2883 igitur

88 2906 229 2989 singulos
252 2905 341 2969 locos
365 2911 547 2968 euotemus:

103 3111 157 3147 vss.
342 3085 364 3149 S
922 3082 979 3146 RV

566 3189 738 3267 Equitum:

130 3309 149 3368 4
173 3305 233 3384 ἀφ’
254 3304 307 3384 0153
332 3303 373 3367 cf.
390 3301 512 3386 Bueng.
532 3325 560 3387 p.
575 3305 625 3367 29.
903 3303 935 3366 ἐξ
959 3300 998 3363 οὑ

131 3410 149 3468 9
173 3405 625 3489 πενθήςωμενςίηοίβυοιις.
858 3405 1043 3480 κλαύςωμεν

174 3531 204 3594 p.
222 3512 273 3573 33.

110 3616 150 3677 48
175 3613 370 3695 ἐθῶπευενί
880 3609 1015 3673 ἐθώπευ’

110 3720 149 3780 49
174 3719 298 3800 uci††;
324 3716 365 3780 cl.
383 3714 503 3797 Bueng.
520 3734 548 3797 p.
563 3716 613 3776 31.
888 3712 1007 3791 ἄκροιςι

111 3823 150 3883 56
174 3818 475 3900 πανουργοτάτωςί
788 3816 1032 3894 πανουργότατά
1055 3834 1124 3877 πως

112 3927 148 3988 51
175 3924 335 4006 αιίτήνίγηι
904 3919 998 3981 αὐτὸς

92 4028 150 4089 104
172 4032 237 4092 ταῖς
257 4025 441 4108 θύραιςηωγς
456 4022 625 4105 cf.Bueog.
838 4026 911 4085 ταῑςι
937 4023 1061 4099 βύρςαις

94 4234 148 4295 192
172 4135 285 4315 ξςτῗνΙηι
878 4227 920 4290 ἔτ’
945 4228 1023 4289 ἐςτίν
