2940 4792
168 106 294 175 Sprachl.
308 105 561 176 Untersuehungen
574 124 610 162 zu
621 108 813 178 Theophrasts
826 110 921 165 boten.
935 111 1083 166 Schriften.
1149 108 1190 170 73

60 277 251 356 ἐντεριώνην
275 278 351 357 ἔχον
374 279 458 360 (ded)
481 282 626 356 μαλακὴν
650 281 729 345 ὥετε
753 281 792 345 δι’
809 281 890 347 ὅλου
914 285 963 347 καὶ
986 285 1192 350 κοιλαίνεεθαι

58 383 113 445 τὰ(
138 381 280 460 ῥαβδούε
303 381 352 444 ΠΙ
369 382 421 462 13,
437 384 473 458 4,
497 384 535 446 τὰ
558 386 595 447 δὲ
614 385 663 447 καὶ
681 385 846 463 πελέκηειν
866 386 1013 464 ύπομὲνει
1037 390 1086 450 καὶ
1110 387 1192 466 ὀρθὰ

60 486 108 547 καὶ
131 485 271 548 πεεύντα
292 484 353 549 ὑπὸ
373 486 555 563 πνεύματα(
573 487 653 550 ὥετε
670 489 764 551 πάλιν
783 490 977 553 ευνίεταεθαι
996 492 1045 553 καὶ
1065 495 1123 569 Ζῆν
1143 493 1192 555 καῖ

63 588 243 664 βλαετάνειν
266 586 313 650 IV
336 589 386 668 16,
408 588 437 650 2.

149 692 180 751 4.
205 688 296 753 Nach
319 689 536 755 Ausdn'icken
560 690 618 755 der
640 691 968 758 Besehaffenheit

150 794 180 874 ιι)
200 792 261 856 bei
277 793 631 875 vorausgehendem
647 794 945 860 Demonstrativ.
973 798 1064 862 Naeh
1080 799 1190 864 οὗτοι,

61 893 138 973 αὕτη
155 897 216 974 γὰρ
232 896 251 973 ἡ
269 898 410 974 διαφορὰ
426 897 505 960 ὥετε
520 899 575 962 τὰ(
589 901 644 975 μὲν
661 899 755 963 εὐθὺ(
773 902 925 977 εχίζεεθοιι
943 901 977 976 6,
996 901 1015 962 6
1032 902 1111 966 ἀλλὰ
1127 907 1193 967 δια·

60 998 148 1076 φορά
170 1019 214 1062 τι(
236 998 313 1077 αὕτη
330 1003 394 1062 τῶν
412 999 509 1076 ῥιζῶν
534 1001 614 1064 ὥετε
637 1003 694 1078 τήν
714 1002 771 1078 μὲν
789 1022 858 1066 τινα
875 1005 1034 1081 τοεαύτην
1058 1000 1138 1068 εἶναι
1163 1007 1191 1088 6,

60 1102 116 1178 16,
142 1102 276 1165 επάνιον
300 1103 336 1165 δὲ
354 1105 452 1165 τούτο
476 1104 525 1165 καὶ
542 1103 576 1166 ἐν
601 1102 719 1178 ὀλίγοι(
743 1104 832 1185 ἐετὶν,
857 1105 935 1169 ὥετε
958 1106 1193 1186 παλαιούμενον

57 1204 260 1282 μεταβάλλειν
283 1204 333 1268 ΙΙΙ
356 1207 405 1286 18,
430 1208 469 1281 7,
499 1206 549 1268 καὶ
571 1209 669 1269 τούτο
694 1206 728 1269 ἐν
752 1205 867 1282 ὀλίγοι(
891 1207 964 1272 ὥετ’
988 1208 1030 1273 εἰ(
1054 1204 1132 1273 ἄλλο
1156 1229 1192 1285 γε

56 1308 321 1384 μεταλλάττεεθαι
337 1309 441 1387 φυτόν
458 1307 491 1371 C.
507 1308 540 1371 Π
561 1309 611 1391 13,
629 1310 663 1385 3,
689 1308 775 1373 ὅλοι(
799 1311 833 1373 ἐν
857 1313 988 1375 πολλοῑε
1011 1312 1097 1375 τοῦτ’
1114 1313 1193 1378 ἔετιν

55 1411 139 1474 ὥετε
165 1412 272 1487 βρωτὰ
295 1412 450 1486 γίγνεεθαι
475 1410 508 1474 C.
524 1411 554 1472 V
575 1412 626 1493 12,
644 1413 678 1488 9,
703 1411 789 1476 ὅλως
809 1412 843 1475 ἐν
862 1417 990 1478 πολλοῖε
1008 1418 1095 1478 τοῦτ’
1113 1416 1191 1480 ἔετιν

56 1514 140 1577 ὥετε
158 1515 267 1591 χλωρὰ
283 1518 341 1592 μὲν
359 1513 437 1578 ὄντα
454 1516 561 1593 βρωτὰ
573 1518 727 1590 γίγνειθαι
744 1514 833 1579 (ΠΙ
847 1517 898 1598 12,
912 1518 945 1596 9,
963 1517 1045 1581 nach
1058 1518 1191 1584 ἐκεῖνοι,

57 1617 162 1681 ἐκεῖνο
186 1618 341 1695 ευμβαῖνει
365 1619 496 1695 περὶτὰ
520 1619 640 1695 δένδρα
669 1617 749 1682 ὥιτε
778 1620 1037 1696 μεταβλαετάνειν
1060 1621 1093 1684 Π
1110 1623 1140 1702 4,
1156 1624 1191 1699 4,

57 1719 125 1783 ἐπεὶ
154 1718 255 1782 ἐκεῖνο
284 1717 395 1796 ὅμοιον
420 1721 455 1783 ἔν
478 1741 511 1785 τε
533 1725 599 1784 τοῖς
617 1721 766 1799 επὲρμαει
787 1723 836 1784 καὶ
858 1722 892 1784 ἐν
912 1726 979 1786 τοῖε
1000 1727 1093 1806 ζῲοιε
1113 1725 1193 1789 ὥετε

59 1872 114 1885 ...
140 1822 341 1900 μεταβάλλειν
365 1822 398 1886 0.
418 1824 450 1886 11
469 1825 519 1906 13,
536 1826 570 1900 3,
595 1824 697 1887 ἐκεῖνο
722 1823 751 1887 δ’
770 1824 888 1903 ὁμοῖωε
913 1823 948 1887 ἐν
968 1825 1090 1905 ἀμφοῖν
1114 1828 1192 1890 ἐετιν

59 1926 136 1989 ὥετε
152 1927 210 2000 τὴν
226 1926 322 2003 φύειν
338 1927 493 2001 γῖγνεεθαι
510 1926 542 1991 (λ
556 1927 603 1989 IV
618 1929 646 2006 ῖ,
661 1929 694 2002 7,
711 1927 811 1991 ἑνῖοτε
832 1931 868 1991 δὲ
891 1932 1019 1991 κακεῖνο
1036 1929 1192 2007 ευμβαίνει

60 2029 136 2092 dcte
156 2078 163 2090 .
181 2077 211 2090 ..
232 2029 367 2103 ἐνεγκεῖν
393 2029 425 2092 (λ
444 2029 472 2091 V
497 2031 602 2112 1,11,
633 2032 737 2094 ἐκεῖνα
761 2029 800 2093 ἄν
824 2051 867 2094 τιε
892 2032 1082 2108 ἐπιζητήεειε
1104 2034 1192 2109 παρὰ

59 2134 177 2195 τοῦτον
202 2131 281 2194 ὥετε
305 2133 413 2197 καὶτὸ
439 2133 646 2211 ὑποκείμενον
671 2132 861 2197 ἀποδιδόναι
885 2133 982 2197 αὐτόν
1003 2133 1138 2215 evm,
1157 2136 1192 2212 1,

62 2236 203 2321 φαίνεται
227 2237 264 2297 δὲ
287 2234 411 2298 κάκεῖνο
436 2239 618 2314 ευμφιονεῐν
640 2235 720 2299 ὥετε
739 2235 801 2317 (W,
823 2236 914 2299 codd.
937 2236 1054 2317 ὥετιερ)
1074 2239 1108 2301 ἐν
1127 2242 1193 2303 τοῖε

63 2335 175 2401 ἀτελὲει
191 2341 300 2414 χυλοῖε
313 2340 432 2416 μᾶλλον
448 2334 528 2403 εἶναι
540 2341 597 2415 τήν
609 2338 757 2416 εύοεμῖαν
774 2338 860 2402 QVI
872 2341 922 2421 16,
933 2342 967 2418 8,
985 2341 1068 2404 nach
1086 2340 1191 2406 ούτωε

64 2442 147 2520 stets,
172 2457 208 2502 so
232 2440 250 2517 ἡ
274 2442 334 2518 γὰρ
354 2442 480 2520 ἔκφυειε
497 2442 603 2505 αὐτῶν
615 2441 720 2505 ούτωε
736 2442 815 2506 ὥετε
832 2439 961 2507 εἶναιτὰ
978 2447 1035 2522 μὲν
1050 2439 1139 2509 ἐκτὸε
1155 2446 1193 2508 τὰ

65 2542 89 2604 δ’
102 2544 194 2607 ἐντόε
203 2542 249 2605 VI
263 2544 291 2625 6,
306 2547 325 2606 4
341 2564 421 2608 usw.
440 2545 511 2608 Nur
524 2544 641 2609 einmal
653 2545 738 2608 steht
749 2546 831 2610 nach
845 2546 949 2611 οὓτω(
964 2546 1022 2610 der
1033 2547 1192 2612 Indikativ

65 2642 111 2709 bei
133 2646 226 2710 ὥσεῑ
249 2645 348 2711 ἐνίοτε
368 2647 472 2712 ούτωε
496 2649 537 2713 εἰ(
563 2649 685 2726 ἀκριβὲε
710 2652 847 2731 διῆλθεν,
867 2650 946 2715 ὥετε
968 2655 1036 2714 τῶν
1060 2652 1110 2716 ἐπὶ
1132 2654 1193 2716 τού

64 2747 161 2812 αύτοῡ
186 2750 345 2827 κλήματος
360 2750 542 2830 ὀφθαλμῶν
558 2752 588 2815 οἱ
605 2753 662 2828 μὲν
678 2751 781 2833 ὑγιεῖε,
807 2753 836 2815 οἱ
860 2756 897 2817 δὲ
920 2753 1098 2832 πετιηγύτεε
1121 2755 1193 2819 εἰεῖν

63 2849 93 2914 O.
109 2852 141 2912 V
161 2853 211 2932 12,
229 2853 285 2927 10,
302 2852 373 2916 hier
391 2852 452 2916 soll
468 2853 527 2917 der
542 2852 706 2918 dauernde
722 2854 888 2919 wirldiehe
904 2855 1046 2920 Zustend
1062 2858 1193 2921 hervor-

63 2954 210 3036 gehoben
229 2955 359 3019 werden
375 2955 439 3036 (die
459 2975 559 3039 ganne
576 2957 673 3020 stoue
692 2956 819 3021 bezieht
837 2959 906 3022 sich
925 2959 1192 3024 wahrscheinlich

62 3057 236 3121 wiederum
266 3058 323 3121 auf
348 3059 401 3122 ein
423 3058 654 3143 Experiment).
694 3060 822 3124 Anders
842 3062 886 3124 ist
908 3062 972 3125 VII
992 3063 1022 3144 4,
1045 3065 1063 3125 5
1089 3063 1194 3128 ούτωε

60 3161 261 3225 πλατύκαυλα
276 3163 433 3237 γίγνονταί
448 3183 529 3227 τινεε
545 3162 617 3227 θύετ’
631 3162 743 3244 ἐνῖουε,
760 3166 844 3246 φαεί,
861 3167 910 3228 καὶ
926 3166 1036 3242 θύραιε
1053 3170 1192 3247 χρῆεθοιι,

62 3283 109 3326 wo
133 3264 211 3344 φαεί
233 3284 315 3347 ganz
338 3264 422 3330 ohne
445 3265 539 3347 jeden
559 3265 693 3329 Einfluss
716 3267 773 3330 auf
791 3266 843 3330 die
866 3267 1102 3332 Konstruktion
1126 3270 1194 3333 ein-

61 3366 243 3449 gesehoben
266 3369 310 3431 ist
331 3376 366 3451 (s,
390 3368 482 3432 K-G.
506 3369 539 3432 Η
562 3368 591 3432 S.
609 3371 684 3450 353,
703 3370 741 3444 1).

149 3469 183 3545 b)
207 3469 319 3535 ούτοε
338 3470 405 3535 bez.
426 3471 550 3536 οὕτω(
568 3471 654 3535 sind
673 3491 741 3536 eus
762 3472 844 3536 dem
865 3473 1194 3557 Zusammenhang

64 3572 394 3638 hernusnuhdren:

151 3696 181 3738 α.
206 3675 265 3739 bei
294 3672 388 3741 εἷναι
416 3678 485 3741 mit
513 3677 711 3741 Predikat:
741 3679 771 3742 αἱ
799 3683 836 3743 δὲ
867 3681 945 3743 κατὰ
975 3682 1050 3745 τοδε
1078 3683 1193 3759 χυλοὺε

63 3779 198 3858 φανεραὶ
225 3783 316 3843 τιᾶειν
347 3780 426 3844 ὥστε
456 3782 496 3859 μή
529 3784 644 3846 δεῑεθαι
668 3780 769 3855 λόγου
793 3780 809 3843 Ι
829 3783 929 3863 12,1,
959 3781 1100 3865 δμοιοεῑ)
1127 3788 1194 3848 ταῑ(

156 3915 175 3985 ¹)
199 3916 298 3970 Mdller
320 3916 370 3970 hat
394 3917 443 3971 mit
467 3916 589 3972 Unrecht
612 3917 662 3972 auf
680 3916 725 3972 die
744 3917 894 3973 einzelnen
912 3918 1063 3988 Adjektiva
1085 3937 1117 3974 so
1137 3920 1193 3979 viel

63 4003 139 4058 Wert
162 4003 261 4073 gelegt,
285 4020 368 4058 wenn
388 4021 418 4058 er
437 4008 507 4074 sagt,
533 4007 604 4059 ὥετε
626 4005 700 4075 solge
724 4005 774 4060 auf
791 4005 926 4073 φανερόε,
952 4006 1067 4071 δμοιοε,
1093 4005 1196 4061 darauf
