3398 4910
323 410 450 481 Sprachl.
463 410 715 480 Untersuchnngen
728 427 763 465 zn
777 410 966 480 Theophrasts
983 411 1078 466 boran.
1089 409 1236 466 Schriften.
1302 405 1343 468 35

304 583 354 648 IX
373 585 402 664 6,
419 584 438 646 2
463 585 619 660 ἐντίμνειν
643 583 707 647 ὑπὸ
727 583 764 647 τὸ
785 581 910 664 aanor,
934 581 1011 646 όταν
1032 583 1160 660 μόλιττα
1178 585 1270 664 πνίγη
1290 584 1345 650 da

216 688 322 750 καὶτὰ
342 687 465 765 ττελὲχη
485 689 534 749 καὶ
552 687 591 748 τὰ
610 684 687 764 ἄνω,
711 704 746 750 so
763 685 922 749 Wimmer
936 685 995 750 mit
1013 685 1048 768 B,
1068 685 1126 750 der
1141 686 1260 751 Aldina
1277 687 1345 751 und

215 789 280 854 den
310 788 567 870 Herausgebem.
605 787 672 852 Der
703 787 843 852 Urbinas
879 788 934 852 hat
962 789 1103 864 πνίγουει
1132 789 1241 871 (dabei
1272 813 1281 855 1
1310 791 1345 854 in

215 891 321 956 Rasur
343 911 402 955 ans
425 895 468 972 η),
494 891 545 954 die
569 891 710 954 Medieei
733 891 883 965 πνίγουεν.
918 889 979 954 Die
1003 890 1247 975 Schwierigheit
1268 893 1346 976 liegt

215 995 306 1058 nicht
329 1013 392 1058 nnr
414 995 459 1058 im
482 993 568 1074 nnat,
596 993 735 1060 sondern
759 994 901 1058 anchin
926 992 1007 1074 dem,
1031 1013 1125 1058 wenn
1148 997 1231 1060 anch
1255 997 1347 1062 nieht

215 1098 452 1182 unmdgliehen,
477 1117 511 1160 so
536 1098 619 1162 doch
642 1097 719 1162 sehr
741 1097 928 1179 auffdlligen
948 1096 1118 1162 Gebraneh
1142 1099 1198 1162 des
1219 1098 1345 1164 Plurals

215 1200 303 1265 heim
328 1199 482 1264 Predikat
511 1200 594 1264 nach
626 1201 731 1264 einen]
764 1199 874 1264 Neutr.
898 1199 984 1264 Plnr.
1027 1201 1102 1264 Man
1134 1200 1201 1264 lese
1233 1202 1345 1266 darum

215 1309 325 1381 πνῖγοτ
349 1307 376 1388 ᾗ.

305 1406 356 1470 IX
372 1408 437 1487 6,3
463 1409 513 1470 καὶ
535 1409 592 1484 τὴν
617 1407 761 1486 ἐργατίαν
790 1409 846 1483 τὴν
870 1409 1003 1484 περὶτὰ
1027 1409 1145 1484 δένδρα
1172 1411 1287 1486 τχεδδν
1311 1410 1345 1474 ἐν

215 1513 312 1593 ταύτῃ
341 1511 421 1593 αἰτίᾳ
449 1506 525 1575 εἶναι
554 1512 602 1574 καὶ
629 1511 687 1586 τήν
716 1512 835 1588 βροχήν
859 1509 918 1584 W;
951 1509 1137 1574 eberliefert
1166 1511 1209 1574 ist
1231 1514 1346 1590 τχεδδν

216 1613 331 1692 ταύτην
350 1614 453 1676 αἰτίαν
473 1609 557 1676 εἶναι.
582 1613 755 1676 Wimmers
771 1611 1004 1675 ¹Konstrnhtion
1019 1612 1063 1674 ist
1080 1612 1159 1694 hart,
1182 1633 1257 1676 man
1277 1633 1347 1678 ver·

216 1716 306 1798 langt
335 1714 448 1780 audem
479 1716 574 1799 ταύτῃ
604 1722 641 1798 τῇ
669 1717 756 1798 αἰτίᾳ.
797 1714 854 1778 Ιοδ
884 1714 950 1778 lese
981 1716 1039 1778 mit
1069 1715 1249 1798 Stephanus
1279 1717 1346 1780 und

217 1818 410 1883 Schneider:
434 1823 490 1895 τῆς
509 1819 651 1897 ἐργατίαε
670 1822 727 1895 τῆς
745 1819 814 1895 περὶ
832 1818 872 1881 τὰ
891 1819 1009 1895 δένδρα
1028 1820 1143 1896 τχεδδν
1158 1817 1274 1897 ταύτην
1289 1821 1346 1896 τὴν

216 1923 316 1985 αἰτίαν
336 1918 416 1986 εἶναι
440 1924 562 1999 καὶτῆς
587 1925 714 2002 βροχῆτ,
738 1939 802 1982 nur
824 1919 885 1984 dass
909 1919 962 1982 ich
985 1922 1041 1997 τήν
1065 1921 1205 1984 streiche
1235 1921 1346 2002 (αἰτίαν

102 2073 105 2078 -
217 2027 259 2088 ist
281 2025 469 2108 pradikativ,
494 2027 555 2088 wie
579 2045 637 2088 aus
662 2025 735 2088 dem
750 2023 935 2107 Folgenden
959 2024 1168 2107 hervorgeht:
1194 2027 1347 2090 τυναιτίαν

217 2131 253 2192 δὲ
277 2133 365 2193 δοκεῖ
388 2125 463 2193 εἶναι
487 2131 546 2192 τοῦ
569 2129 725 2202 γίγνεεθαι
748 2130 798 2190 καί
821 2129 878 2204 τὴν
901 2132 967 2192 τῶν
988 2127 1130 2206 ῥαβδίων
1148 2130 1259 2209 τομήν)
1280 2128 1346 2192 nnd

217 2232 315 2309 αὑιήν
346 2231 411 2295 lese
443 2233 517 2294 statt
549 2233 681 2308 ταύτην;
715 2229 779 2294 ‘die
810 2229 1002 2312 eigentliehe
1034 2229 1178 2294 Ursache
1209 2251 1249 2294 an
1277 2231 1346 2296 sich

217 2336 259 2397 irn
286 2335 464 2416 Gegensatz
488 2354 528 2397 zu
553 2335 610 2397 den
632 2333 805 2414 folgenden
830 2333 1099 2398 Nebennreaehe'.

308 2437 369 2500 (hl
384 2439 411 2518 1,
426 2440 445 2500 ἰ
469 2439 509 2500 τὰ
535 2437 758 2516 ἀπαράβλασα
777 2438 826 2500 καὶ
843 2441 994 2516 μονοφυῆ
1012 2436 1200 2520 ἀτυμμετρίᾳ
1215 2439 1272 2502 τινὶ
1287 2440 1346 2502 τοὺ

217 2544 337 2618 θερμοῦ
368 2542 417 2603 καὶ
445 2539 561 2617 ὑγροῦ,
593 2541 714 2617 δέχεται
743 2541 798 2604 τὰ(
827 2539 923 2603 ἄλλα(
951 2539 971 2602 ἃ
994 2540 1125 2602 δύναται
1155 2543 1259 2617 τηρεῖν
1288 2541 1347 2617 τὴν

216 2643 373 2722 ὑγρότητα
393 2643 443 2716 W,
466 2644 505 2706 τὰ
524 2645 560 2706 δὲ
579 2642 983 2724 ἀπαράβλααα.ευμμετρίᾳ
1005 2661 1063 2706 τινι
1079 2644 1138 2705 τοῦ
1158 2645 1278 2719 θερμοῦ
1298 2644 1347 2706 καὶ

216 2747 317 2822 ὑγροῦ
341 2749 389 2809 καί
415 2749 564 2824 μονοφυῆ
589 2745 710 2822 δέχεται
733 2747 782 2808 καὶ
804 2746 860 2808 τὰ(
879 2742 976 2809 ἄλλα(
995 2746 1044 2826 (τὰ
1060 2743 1140 2808 ἄλλα
1156 2745 1195 2824 B)
1218 2745 1346 2809 δύναται

214 2852 319 2925 τηρεῖν
343 2847 433 2912 codd.
452 2847 651 2930 Theophrast
674 2846 836 2930 besprieht
859 2847 911 2910 die
928 2847 1030 2910 Arten
1054 2847 1111 2909 der
1128 2847 1274 2921 γενέτειτε
1299 2847 1346 2910 sie

216 2949 359 3032 erfolgen
385 2950 488 3016 durch
512 2951 627 3014 Samen
653 2949 732 3014 oder
754 2949 914 3014 sonstwie.
939 2948 996 3012 δτα
1020 2948 1098 3026 ξηρὰ
1122 2951 1170 3012 καί
1195 2953 1344 3028 μονοφυῆ

215 3053 246 3132 (ξ
264 3055 282 3115 3
307 3053 394 3132 Anf.)
414 3056 462 3118 καὶ
479 3054 701 3131 ἀπαράβλαττα
716 3051 803 3116 ταῦτ’
821 3051 970 3130 οὐδεμίαν
986 3053 1108 3130 δέχεται
1124 3054 1255 3131 φυτείαν
1272 3050 1346 3116 οὔτε

216 3155 280 3220 ἀπὸ
304 3157 512 3234 παρατπάδοτ
535 3155 609 3220 οὔτε
634 3155 687 3220 ἀπ’
707 3155 892 3234 ἀκρεμόνοε.
933 3155 1009 3220 Nun
1034 3154 1085 3219 die
1109 3153 1343 3238 Begn’indung:

213 3260 272 3335 τήν
297 3263 353 3336 μὲν
373 3259 437 3322 ἀπὸ
460 3259 670 3336 παραεπάδοε
687 3264 732 3341 τῷ
753 3259 793 3337 μή
811 3258 891 3337 ἔχειν
910 3259 948 3322 τὰ
967 3262 1126 3337 μονοφυῆ,
1149 3260 1207 3335 τὴν
1227 3259 1262 3321 δὲ
1281 3258 1344 3322 ἀπὸ
1449 3321 1451 3324 .

213 3361 390 3441 ἀκρεμόνοτ
415 3363 466 3426 διὰ
488 3365 546 3439 τήν
565 3362 729 3440 ξηρότητα.
765 3361 807 3426 So
830 3361 909 3424 wird
929 3361 995 3426 also
1015 3360 1076 3424 den
1094 3364 1242 3439 μονοφυῆ
1263 3360 1345 3424 anch

214 3463 267 3527 die
279 3465 411 3543 ξηρότης
424 3464 684 3547 zugeschrieben.
709 3463 753 3528 Es
766 3463 837 3528 sind
851 3463 917 3528 also
930 3464 1020 3528 nieht
1032 3463 1102 3527 drei
1114 3462 1345 3527 verschiedene

214 3566 384 3651 Gruppen:
408 3569 447 3631 τὰ
466 3571 552 3650 ξηρά,
570 3569 608 3632 τὰ
625 3573 787 3650 μονοφυῆ,
805 3569 844 3632 τὰ
860 3568 1091 3646 ἀπαράβλαττα,
1111 3568 1171 3631 wie
1187 3566 1346 3632 Wimmer

213 3670 435 3734 anscheinend
459 3670 577 3752 glaubt,
602 3671 743 3735 sondern
766 3691 831 3734 nur
854 3672 936 3752 eine,
960 3669 1012 3734 die
1036 3669 1138 3734 durch
1162 3669 1251 3734 diese
1275 3669 1345 3734 drei

214 3773 465 3858 Idigensehaften
491 3774 750 3839 eharakterisiert
772 3773 895 3854 wird1).
933 3773 1000 3838 Der
1024 3772 1284 3856 Gedankengang
1302 3793 1344 3836 an

307 3961 328 4030 ¹)
347 3961 404 4030 Vgl.
426 3961 508 4028 15,1
529 3963 565 4014 τό
590 3963 640 4026 μὲν
665 3961 862 4026 μονοττελὲχη,
886 3961 922 4013 τό
940 3959 971 4012 δὲ
990 3959 1190 4025 τολυττελέχη,
1204 3963 1291 4012 τοῦτο
1311 3961 1344 4014 δὲ

212 4047 317 4099 ταὺτὸ
336 4048 448 4113 τρόπον
467 4047 530 4100 τινὰ
548 4051 590 4114 τῷ
611 4046 856 4112 παραβλαττητικὰ
874 4045 892 4110 ἢ
912 4044 1112 4110 ἀπαράβλαετα
1132 4043 1217 4110 εἰναι;
1237 4045 1343 4099 ebenao

213 4129 322 4200 clar
346 4133 433 4196 μόνο(
452 4136 512 4184 τῶν
531 4135 628 4197 ξηρῶν
648 4129 691 4184 καί
713 4133 873 4196 μονοφυῶν
892 4128 937 4182 καί
960 4127 1187 4194 ὑπαραβλόετων
1207 4129 1223 4181 δ
1248 4131 1343 4195 φοίνιξ

213 4215 324 4281 δέχεται
346 4215 390 4268 καί
414 4215 512 4282 ἑτέρα(
529 4217 657 4284 γενέτειτ,
681 4215 742 4269 also
766 4216 839 4268 anch
858 4213 919 4269 hier
938 4212 1013 4268 eine
1033 4213 1152 4282 Grnppe,
1176 4227 1235 4268 was
1254 4217 1343 4269 sehon

212 4301 265 4356 das
285 4299 389 4355 Fehlen
408 4301 459 4354 des
478 4301 599 4354 Arhkels
619 4300 743 4356 beweist.

1179 4406 1213 4461 3⁸
