3248 4910
321 303 385 368 104
749 313 785 366 M.
804 311 1027 380 Heinemann,

318 485 384 548 νεῑν
408 485 457 547 καὶ
484 484 631 562 νήχετθοι
659 483 794 566 Ἀττικοί,
821 485 984 564 κολυμβᾶν
1005 482 1159 563 Ἕλληνες
1185 481 1237 566 (de
1266 481 1451 547 lavantibus

319 585 448 668 saepius
471 585 568 650 etiem
590 584 676 669 apud
699 587 825 652 Atticos
849 585 982 651 verbum
1009 589 1203 670 usmpatur).
1241 585 1328 652 Fieri
1351 585 1452 669 igitur

318 690 430 772 potuit
449 691 487 754 ut
502 688 723 755 Aristaenetus
739 691 836 756 etiam
852 691 912 756 hac
934 689 970 752 in
986 690 1123 774 epistula
1138 688 1323 755 comoediae
1340 707 1451 754 narra·

319 792 498 858 tiuneulam
521 797 718 876 sequeretur.

408 896 472 962 Sed
487 898 574 962 unde
593 895 735 982 pendere
751 893 962 980 Posidippum
980 898 1059 960 tuno
1074 893 1228 978 dieamus,
1248 894 1305 977 qui
1324 911 1450 959 comoe-

318 998 403 1064 diam
426 1005 515 1066 certe
532 1001 590 1064 vix
612 999 779 1084 respexit?
803 998 1010 1084 Respondeo:
1034 1000 1086 1066 vel
1110 1019 1151 1065 ex
1169 1001 1239 1083 ipsa
1261 997 1317 1062 illa
1339 1015 1449 1060 narra-

317 1102 471 1185 tiuncula,
494 1103 547 1167 vel
566 1121 608 1168 ex
627 1103 771 1186 quolibet
788 1121 907 1186 genere
925 1121 1057 1186 poeseos
1076 1100 1328 1166 Alexandrinae.
1360 1099 1450 1164 Huic

316 1207 404 1270 certe
427 1205 524 1270 aetati
552 1206 628 1270 talia
654 1206 784 1290 placent
806 1208 1002 1290 argumenta.
1037 1204 1139 1268 Vides
1162 1204 1226 1268 iam
1250 1203 1337 1287 apud
1364 1202 1449 1268 Her·

316 1308 543 1373 mesianactem
565 1308 801 1391 Polyphemum
825 1309 874 1372 sie
896 1306 1107 1390 introduci¹):

424 1433 630 1513 Δερκόμενοτ
653 1433 736 1513 πρὸ(
760 1436 852 1516 κῦμα,
876 1433 957 1512 μόνη
982 1434 1018 1497 δέ
1042 1433 1071 1498 ολ
1094 1433 1249 1512 ἐφλέγετο
1272 1433 1351 1510 γλήν

316 1561 355 1638 (v.
371 1556 470 1640 Bach‚
494 1557 637 1623 Philetas
657 1557 723 1641 Coi,
746 1557 1020 1624 Hermesianactis
1040 1555 1230 1642 Colophonii
1248 1561 1347 1639 atque
1366 1557 1448 1621 Pha·

316 1659 418 1724 noclis
447 1659 604 1744 reliquiae
634 1662 720 1726 1829
749 1681 778 1746 p.
799 1663 892 1745 111);
923 1659 1016 1726 audis
1046 1658 1131 1745 apud
1160 1659 1368 1726 Theocritum
1398 1659 1449 1724 XI
1581 1706 1583 1778 p

443 1767 455 1805 ξ
656 1785 662 1798 .

318 1761 437 1846 13sqq.
459 1765 468 1842 )
492 1765 525 1828 et
549 1765 588 1828 17
601 1783 662 1846 sq..
719 1855 737 1919 ὃ
762 1856 798 1918 δὲ
820 1853 878 1918 τὰν
902 1853 1068 1919 Γαλάτειαν
1091 1854 1209 1920 ἀείδων

499 1953 601 2021 Αὐτὸ(
626 1955 675 2020 ἐπ’
691 1956 801 2022 ἀιόνοτ
824 1955 1010 2021 κατετάκετο
1033 1959 1221 2036 φυκιοὲετατ

498 2057 550 2125 Ἐξ
572 2058 661 2141 dode,
685 2057 826 2138 ἔχθιττον
850 2060 932 2139 ἔχων
956 2060 1154 2136 ὑποκάρδιον
1177 2059 1280 2140 ἕλκος,

718 2211 772 2226 ...
796 2161 1010 2240 καθεζόμενος
1033 2159 1062 2225 δ’
1079 2160 1130 2226 ἐπὶ
1152 2161 1269 2241 πέτρα(

498 2264 642 2345 Ὑψηλοῖε
665 2266 697 2332 ἐς
720 2264 841 2330 πόντον
867 2265 957 2344 ὁρῶν

314 2381 385 2446 Scis
408 2381 488 2446 alios
515 2381 599 2465 apud
623 2386 733 2466 poetas
756 2383 859 2466 ipsam
878 2381 1062 2446 Galatheam
1087 2382 1203 2446 amari
1231 2379 1393 2464 prodiisse
1417 2383 1450 2446 et

314 2484 514 2568 Polyphemo
534 2503 569 2549 se
585 2483 721 2549 donasse
729 2486 762 2568 Βλ,
780 2487 819 2548 ut
836 2485 970 2548 servatis
989 2483 1094 2568 mythi
1112 2481 1299 2548 nominibus
1318 2489 1447 2548 nostrae

314 2587 572 2652 narratiunculae
596 2589 687 2670 quasi
715 2607 845 2672 compar
867 2587 1026 2652 evaderet.
1065 2587 1129 2652 Sed
1157 2587 1209 2652 fac
1232 2586 1286 2652 vel
1309 2585 1447 2670 elegiam

314 2689 481 2774 Posidippi
503 2689 625 2756 fontem
644 2691 752 2773 tuisse,
776 2689 858 2753 nihil
880 2689 920 2754 ad
939 2709 1015 2769 nos3
1038 2711 1114 2755 nam
1133 2689 1257 2754 fabulas
1275 2689 1448 2754 amatorias

315 2790 354 2855 ab
378 2791 608 2856 Alexandrinis
632 2793 693 2858 hoo
715 2795 817 2858 metro
840 2793 982 2858 inclusas
1005 2812 1075 2858 esse
1098 2813 1193 2858 nemo
1217 2799 1322 2878 negat

404 2892 468 2988 Sed
498 2897 649 2978 quoniam
680 2896 720 2961 ad
750 2897 850 2961 finem
881 2897 978 2961 huius
1008 2897 1196 2982 paragraphi
1229 2898 1446 2982 pervenimus,

314 2997 409 3062 liceat
436 2997 567 3081 paulum
595 2999 635 3064 de
659 2998 884 3084 disputationis
910 2999 963 3064 via
990 2997 1161 3065 deflectere
1189 3005 1222 3065 et
1248 3019 1333 3082 eam,
1362 3019 1444 3083 quae

313 3101 399 3166 inter
421 3100 478 3165 has
501 3103 761 3167 narratiunculas
785 3105 817 3167 et
841 3104 1069 3188 epigrammata
1090 3101 1271 3184 intercedit
1295 3103 1445 3168 similitu-

314 3203 422 3268 dinem
453 3203 639 3288 diligentius
669 3207 828 3290 persequi.
872 3205 1007 3271 Duobus
1037 3205 1177 3272 Rufinus
1207 3205 1446 3291 epigrammatis

404 3364 425 3434 ¹)
443 3364 473 3419 G.
490 3364 619 3432 Holland,
639 3365 679 3420 De
698 3365 871 3436 Polyphemo
890 3371 918 3421 et
937 3366 1055 3422 Galatea
1077 3365 1231 3436 (Leipzigcr
1253 3365 1373 3421 Studien
1396 3381 1446 3420 zur

314 3448 488 3504 classischen
506 3449 660 3520 Philologie
679 3451 725 3506 Vll
743 3451 834 3520 (1884)
852 3467 879 3521 p.
894 3451 1037 3522 228eqq.).

406 3539 427 3608 ’λ
446 3537 486 3593 Ci.
506 3539 591 3594 etiam
611 3539 703 3594 ovidii
722 3541 988 3611 Metamorphoseon
1006 3541 1065 3596 Xlll
1085 3541 1138 3596 778
1147 3558 1208 3612 sqq.

404 3629 426 3696 ⁸)
444 3627 565 3684 Holland
583 3630 600 3682 l.
617 3628 634 3684 l.
653 3645 679 3699 p.
692 3628 831 3702 276sqq.;
851 3631 895 3701 ct,
913 3636 945 3687 ut
961 3633 1119 3702 exemplum
1132 3631 1293 3698 afferamus,
1312 3631 1447 3686 Nomium

315 3712 428 3783 Dionys.
446 3712 644 3784 modeim-²
941 3785 1086 3854 τοςςατῐητ
1104 3789 1136 3841 δὲ

476 3869 518 3924 Ἐξ
538 3871 606 3924 ἁλὸς
624 3869 694 3936 alpe
713 3871 842 3938 φέροντο
860 3871 904 3925 καλ
924 3873 975 3926 οὐκ
994 3871 1091 3940 ὀλίγη(
1110 3872 1168 3926 ἀπὸ
1187 3874 1281 3940 πηγῆτ

476 3953 586 4022 ‘incipet
607 3955 739 4010 Γαλάτεια
759 3957 942 4022 μελιζομένου
961 3957 1156 4026 Πολυφήμοο,

478 4038 526 4092 Kal
545 4039 626 4106 βυθίη
647 4043 778 4106 χερεοῑον
797 4041 854 4107 ἔχει
872 4043 963 4106 norro,
983 4042 1062 4096 ἐκδὲ
1082 4043 1218 4109 θολοτοητ

474 4123 593 4190 Πηκτίδι
613 4127 770 4192 θελγομένη
792 4128 974 4190 μετανάττιοε
993 4125 1032 4182 sic
1051 4128 1142 4194 χθόνα
1161 4127 1256 4194 βαίνει.

314 4207 443 4276 (Ηολλοοᾱ
461 4207 510 4263 l.1.
530 4226 556 4279 p.
569 4209 639 4296 2β3).
