3236 4920
363 424 405 488 66
783 427 881 481 Josas
897 425 1069 492 Albarius,

363 606 419 682 μὲν
443 601 472 667 οἱ
490 603 630 683 πατέρες,
654 601 743 678 τίμιοι
768 601 804 662 δὲ
823 598 853 663 ολ
868 601 987 680 παῖδες,
1012 597 1146 675 Ζηλωταὶ
1170 597 1207 659 δὲ
1229 595 1260 658 αί
1277 598 1425 670 γυναῖκες
1452 595 1511 658 καὶ

363 707 393 770 αἱ
417 707 583 784 θυγατέρες
607 706 657 768 καὶ
680 703 711 766 ot
734 703 869 780 ἀδελφαὶ
891 702 941 763 καὶ
965 701 1038 765 ἑνὸς
1062 699 1194 763 ἑκάςτου
1217 699 1267 761 καὶ
1286 697 1510 775 ςυμπάντων·

363 808 554 872 ἐλλιπόντων
574 811 610 871 δὲ
625 808 715 886 ἡμῶν
733 807 792 883 τήν
807 806 986 883 προθυμίαν
1008 853 1014 867 .
1032 853 1039 866 .
1056 853 1076 884 .,
1101 801 1204 867 ἄθλιοι
1223 805 1281 880 μὲν
1304 801 1334 865 οἱ
1351 804 1510 883 πατέρες,

237 915 248 940 ⁸
363 911 562 989 ςτερηθὲντες
578 912 634 988 μὲν
650 913 706 986 τῆς
728 909 878 986 ἡμετέρας
888 906 1092 987 προςόψειυς,
1105 905 1303 982 ςτερηθίντες
1319 907 1355 968 δὲ
1366 903 1510 967 πόλεως

363 1013 412 1075 καὶ
431 1015 538 1091 χώρας
561 1013 610 1074 καὶ
630 1012 733 1092 ἱερῶν,
758 1009 826 1074 ἀντὶ
850 1011 885 1072 δὲ
904 1009 1061 1086 καλλίςτης
1080 1007 1258 1084 ἐλευθερίας
1280 1007 1323 1071 είς
1341 1006 1512 1086 αίςχίςτην

363 1115 509 1178 δουλείαν
530 1114 745 1190 καθιςτάμενοι
764 1118 827 1178 κτλ.
852 1113 889 1177 In
905 1113 1081 1196 gefdlliger,
1096 1112 1188 1176 nicht
1206 1110 1512 1176 rhetorisierender

363 1216 473 1280 Weise
496 1215 563 1279 lasst
578 1214 730 1297 Polybios
751 1214 813 1279 dan
829 1217 989 1280 Aemilius
1008 1216 1128 1280 Paulus
1152 1233 1212 1278 vor
1235 1213 1364 1278 Cannae
1389 1213 1510 1277 dieses

363 1318 466 1382 Motiv
483 1317 694 1400 vorbringen:
711 1317 887 1400 111,109,r
904 1317 950 1383 οίς
966 1321 1003 1382 δὲ
1019 1318 1160 1395 καθάπερ
1174 1317 1244 1394 ὑμῖν
1257 1320 1317 1380 νῦν
1335 1315 1397 1394 οὺχ
1415 1315 1509 1394 ὑπὲρ

363 1424 482 1502 ἑτέρων
506 1421 575 1485 ἀλλ’
596 1423 676 1500 ὑπὲρ
702 1427 794 1502 ςφών
817 1422 924 1486 αὐτῶν
949 1423 999 1485 καὶ
1017 1423 1168 1500 πατρίδος
1193 1423 1424 1497 καὶγυναικῶν
1451 1421 1510 1484 καὶ

362 1525 483 1589 τέκνοιν
501 1524 519 1588 ὁ
537 1526 682 1589 κίνδυνος
698 1526 883 1602 ςυνὲςτηκεν
900 1574 906 1588 .
924 1574 930 1587 .
948 1573 955 1587 .
982 1525 1053 1605 109,
1071 1525 1090 1587 9
1115 1520 1218 1588 οὕτως
1235 1524 1368 1587 ἑαυτοὺς
1393 1542 1510 1600 παρα-

362 1629 504 1705 ςτήςεςθε
523 1630 605 1706 πρὸς
622 1629 681 1704 τὴν
697 1628 799 1706 μάχην
816 1629 861 1692 ὡς
877 1631 933 1704 τῆς
949 1628 1099 1705 πατρίδος
1115 1624 1155 1690 οὐ
1172 1626 1416 1702 κινδυνευούςης
1438 1627 1509 1688 νῦν

363 1729 469 1796 αὐτοῖς
478 1735 544 1796 τοῑς
557 1733 790 1811 ςτρατοπὲδοις,
800 1730 881 1794 ἀλλὰ
891 1734 956 1794 τοῑς
968 1729 1063 1794 ὅλοις.
1075 1767 1117 1775 -
1128 1728 1198 1792 Vor
1210 1727 1268 1791 der
1279 1726 1435 1791 Schlaoht
1448 1746 1507 1790 am

362 1834 495 1899 Ticinus
513 1839 615 1898 nennt
630 1833 738 1918 Scipio
755 1833 860 1897 dieses
876 1832 977 1896 Motiv
993 1833 1046 1896 ein
1062 1833 1164 1896 ἆθλον
1182 1831 1274 1894 nicht
1290 1832 1357 1914 ‘pro
1378 1829 1507 1894 decore

364 1941 497 2019 tanturn,
522 1935 578 2000 sed
602 1957 658 2020 pro
682 1935 809 2000 salute’:
835 1934 903 1998 Liv,
921 1933 1014 2016 XXI,
1031 1936 1083 2014 42,
1102 1936 1144 1997 14
1164 1937 1272 2017 Atque
1293 1935 1417 1998 utinam
1440 1954 1507 2018 pro

364 2039 481 2103 decoro
497 2043 621 2102 tantum
636 2039 698 2102 hoc
715 2037 805 2102 vobis
823 2041 855 2101 et
870 2057 934 2101 non
947 2057 1004 2120 pro
1017 2037 1119 2102 salute
1136 2045 1221 2102 esset
1233 2039 1412 2102 certamen!
1431 2058 1506 2102 non

363 2141 404 2206 de
423 2141 624 2225 possessione
641 2139 769 2204 Siediae
793 2161 831 2205 ac
847 2140 1025 2222 Sardiniae,
1050 2139 1224 2225 dequibus
1241 2141 1403 2224 quondam
1423 2161 1506 2222 age-

363 2244 466 2327 batur,
485 2243 542 2308 sad
558 2265 615 2328 pro
631 2244 724 2307 Italia
739 2244 831 2307 vobis
851 2249 900 2308 est
915 2243 1125 2327 pugnandum
1144 2293 1151 2306 .
1168 2293 1175 2307 .
1192 2293 1198 2306 .
1218 2243 1447 2325 unusquisque
1466 2262 1504 2306 se

363 2367 428 2412 non
441 2366 558 2431 corpus
574 2365 680 2426 suum,
695 2345 753 2409 scd
772 2347 944 2430 coniugem
960 2367 999 2411 aa
1012 2347 1131 2410 liberos
1143 2365 1259 2429 parvos
1275 2346 1379 2409 omnis
1391 2351 1505 2428 prote·

365 2473 441 2537 gero
451 2449 1505 2536 putet—0.Antoniusbeisa11.Bau.uat59,5horumrrogaaut

364 2555 571 2619 meminerint
583 2574 618 2618 se
631 2559 742 2618 contra
753 2551 894 2615 latrones
906 2552 1048 2615 inermos
1059 2571 1115 2635 pro
1127 2551 1229 2635 patria
1238 2571 1296 2634 pro
1305 2550 1417 2614 liberis
1430 2569 1504 2634 pro

365 2659 443 2721 aris
462 2661 575 2740 atqua
595 2657 695 2721 focis
711 2656 779 2720 suis
797 2657 933 2726 certara;
955 2654 1023 2718 und
1040 2654 1177 2718 Catilina
1194 2655 1245 2734 58,
1262 2655 1282 2716 8
1299 2655 1503 2734 quapropter

365 2780 423 2823 vos
439 2779 563 2842 moneo,
580 2761 627 2823 uti
642 2760 719 2823 forti
735 2765 832 2842 atque
849 2765 957 2843 parato
975 2762 1080 2825 animo
1098 2760 1168 2823 sitis
1188 2765 1228 2834 et,
1247 2777 1322 2822 cum
1337 2759 1502 2841 proelium

365 2861 498 2943 inibitis,
514 2861 725 2924 memineritis
737 2879 794 2924 vos
807 2860 936 2925 divitias
949 2860 1048 2926 decus
1059 2863 1202 2946 gloriam,
1219 2869 1385 2946 praeterea
1401 2863 1502 2927 iiber-

366 2967 463 3028 tatem
479 2967 575 3046 atque
591 2965 726 3047 patriam
742 2964 778 3027 in
794 2965 918 3028 dextris
935 2967 1051 3029 vostris
1067 2973 1202 3050 portare.
1227 3017 1234 3030 .
1251 3017 1258 3031 .
1275 3017 1282 3030 .
1304 2968 1343 3030 ll
1363 2987 1422 3030 nos
1439 2987 1500 3051 pro

365 3065 476 3150 patria,
482 3085 540 3149 pro
548 3064 703 3146 libertate,
711 3085 769 3148 pro
776 3068 841 3130 vita
849 3069 1374 3153 certamus,il]issupervacanaum
1382 3077 1432 3134 est
1439 3089 1499 3153 pro

366 3171 886 3254 potentiapaucorumpugnare.-
892 3169 1499 3251 EsistnichtdiirreRhetorik,sondern

366 3272 555 3336 diethrme
569 3271 625 3337 des
638 3273 831 3338 werdenden
844 3273 967 3356 grossen
976 3273 1173 3337 Historikers
1185 3273 1253 3337 und
1265 3272 1498 3357 derlapidaren

365 3375 629 3458 Persiinlichlreit,
643 3377 701 3439 mit
717 3375 775 3440 dar
790 3376 847 3440 das
860 3377 962 3440 Motiv
979 3396 1040 3440 von
1052 3375 1181 3440 Tacitus
1197 3376 1386 3458 ausgefdhrt
1398 3377 1498 3441 istim

365 3479 517 3562 Agricola
534 3481 585 3561 31,
601 3483 632 3543 l:
650 3479 722 3543 ‘Die
736 3479 763 3543 N
766 3485 838 3543 atur
853 3480 968 3562 wollta,
985 3479 1045 3544 dass
1059 3479 1184 3544 Kinder
1198 3480 1266 3544 und
1278 3481 1375 3564 Sippe
1390 3481 1498 3564 Jedem

366 3580 423 3645 das
437 3585 577 3646 teuerstc
590 3588 711 3661 wiron,
726 3581 814 3645 diese
827 3581 957 3646 werden
971 3601 1031 3645 uns
1044 3581 1146 3646 durch
1157 3581 1400 3666 Aushebungen
1414 3603 1498 3667 weg·

366 3685 504 3768 gaidhrt,
516 3705 570 3748 um
581 3683 747 3748 andarswo
759 3705 801 3749 zu
811 3685 943 3765 dienen3
955 3685 1207 3750 unsereFrauen
1217 3685 1284 3750 und
1294 3686 1496 3750 Sahwestern

366 3787 506 3870 werden,
527 3787 641 3851 sollten
661 3787 709 3850 sie
726 3786 784 3851 der
799 3787 880 3852 Lust
896 3787 952 3852 des
967 3787 1105 3853 Feindes
1123 3790 1291 3873 entgehen,
1312 3797 1408 3854 unter
1424 3789 1497 3854 dem

367 3890 396 3953 N
398 3911 491 3954 amen
504 3889 562 3953 der
572 3889 808 3954 Freundsohait
820 3891 888 3955 und
900 3891 1111 3957 Gastlichkeit
1121 3893 1326 3974 geschiindet
1337 3943 1343 3956 .
1355 3943 1380 3956 ..
1404 3893 1497 3958 Beim

367 3992 609 4058 Urbarmachen
627 3993 790 4058 vonWald
808 3995 872 4058 und
888 3996 1003 4080 Sumpf
1018 3995 1147 4062 werden
1164 3998 1211 4061 sie
1228 4001 1323 4060 unter
1338 3997 1495 4081 Schliigen

367 4094 434 4159 und
451 4095 717 4179 Schimpiwcrtan
732 4099 907 4163 zerrioben.
926 4099 1034 4163 Weon
1050 4107 1140 4164 sonst
1157 4121 1222 4165 wer
1234 4101 1350 4166 Sklave
1366 4101 1495 4166 werden

367 4198 435 4280 soll,
451 4219 486 4263 so
504 4198 584 4261 wird
601 4218 636 4262 cr
652 4199 771 4262 einmal
787 4200 935 4264 verkauft
949 4200 1016 4264 und
1034 4201 1119 4264 dann
1136 4221 1210 4266 vom
1227 4202 1334 4266 Herm
1351 4203 1494 4267 emithrt:

367 4300 557 4365 Britannien
573 4301 664 4364 kauit
676 4301 745 4365 sich
758 4303 876 4384 tiiglich
888 4303 958 4366 sein
971 4302 1188 4387 Sklaventum,
1204 4304 1300 4368 nithrt
1311 4324 1345 4368 es
1357 4305 1494 4389 tiglich’.
