2948 4784
286 337 329 399 ‘38
647 341 786 410 Ludwig
805 342 1055 411 Rosenmeyer.

286 515 416 579 dixeris,
436 515 551 597 Neque
563 515 664 596 magis
676 512 1058 578 adversaturalterlocus
1072 513 1362 594 tcss2‘2ttsll—:llp
1459 518 1462 520 ’

286 617 352 700 ‘qui
375 618 486 698 (iilius)
511 616 629 682 exinde
652 617 776 682 miserit
804 616 984 681 secundum
1013 617 1255 699 promissionem
1276 633 1366 679 suana
1443 674 1444 684 ,

285 724 401 803 patre
421 721 569 803 spiritum
586 721 759 797 sanctum’3
784 716 929 794 προβολή
956 720 1043 783 enim
1061 722 1111 783 est
1129 720 1191 782 filii
1212 720 1257 782 rel
1274 720 1370 784 emissus
1443 716 1452 774 ᾗ

285 844 304 885 a
326 823 408 896 filio,
437 824 493 905 qui
517 830 623 886 tamen
647 825 715 905 ipse
740 822 876 886 emissus
901 826 950 885 est
973 843 992 885 a
1015 828 1114 905 patre.
1153 822 1284 904 Egregie
1307 822 1376 900 igitur
1460 809 1461 812 ¹

285 927 407 990 fallitur
430 928 480 989 vir
503 929 587 990 inter
610 927 773 1009 theologos
798 925 1003 990 doctissimus
1026 926 1213 991 Fridericus
1232 926 1320 1003 Loola
1337 918 1383 1007 qui

256 1072 258 1075 -
285 1031 318 1093 in
343 1030 423 1094 libro
452 1031 629 1113 praeclaro,
654 1031 709 1112 qui
733 1029 923 1093 inscribitur
950 1029 1139 1093 «Leitladen
1172 1051 1244 1093 zum
1266 1029 1388 1094 Studium

285 1132 343 1196 der
365 1132 728 1216 Dogmengeschiclrte»,
755 1132 816 1213 (ed.
839 1135 867 1213 4,
897 1151 966 1214 pag.
984 1133 1061 1211 160
1088 1153 1116 1194 n
1135 1135 1168 1213 8)
1199 1132 1352 1196 laudatob
1354 1141 1400 1194 oo

283 1235 470 1299 Tertulliani
488 1235 558 1299 loco
575 1234 677 1298 addit:
699 1234 777 1299 «Die
794 1235 955 1317 processio
972 1235 1106 1317 spiritus
1123 1236 1254 1318 ‘epatre
1270 1218 1403 1317 filioque'

283 1339 326 1402 ist
350 1339 450 1401 also
442 1359 488 1401 rm
507 1337 718 1402 Abendlande
741 1338 888 1417 uralt¹t»
921 1338 1043 1401 Nititur
1068 1339 1121 1403 ille
1146 1339 1268 1403 indocti
1290 1339 1399 1403 scribae

284 1440 369 1504 futili
386 1448 578 1519 correctura,
594 1442 657 1504 nisi
674 1443 759 1524 piam
774 1440 922 1504 lraudem
939 1441 1046 1506 dicere
1064 1443 1176 1505 mavis
1200 1443 1393 1506 Tertullianus

284 1544 352 1626 ipse
377 1545 550 1608 trinitatem
575 1545 621 1607 ita
644 1544 825 1627 explicavit,
850 1547 886 1607 ut
908 1549 973 1608 tres
995 1565 1151 1628 personas
1175 1547 1270 1609 aliam
1294 1567 1332 1610 ex
1348 1545 1398 1608 alia

284 1666 448 1710 emanasse
465 1646 593 1711 diceret
619 1647 657 1710 In
673 1647 877 1712 confessione
893 1647 1009 1728 synodi
1021 1647 1166 1711 Toletani
1182 1650 1271 1728 (anni
1284 1651 1344 1712 400
1355 1654 1402 1712 aut

283 1752 346 1812 447
358 1753 385 1830 l)
400 1751 540 1832 primum
552 1750 705 1834 legimus:
720 1750 910 1833 ‘paracletus
923 1771 941 1813 a
954 1754 1043 1833 patre
1060 1751 1197 1834 filioque
1214 1751 1403 1835 procedens’3

284 1873 379 1934 quam
412 1853 581 1918 lectionem
616 1854 722 1918 scriba
754 1853 984 1917 restituendam
1019 1856 1156 1936 putavit,
1186 1875 1260 1918 cum
1289 1856 1406 1918 ‘tertius

284 1956 370 2020 enirn
387 1965 436 2020 est
452 1958 584 2040 spiritus
601 1978 618 2020 a
636 1958 695 2020 deo
712 1976 760 2021 ex
776 1956 856 2019 filio'
873 1956 993 2019 iniuria
1009 1959 1148 2020 mutaret
1169 1959 1203 2019 in
1220 1959 1343 2022 ‘tertius
1358 2011 1364 2021 .
1380 2009 1406 2020 ..

284 2081 303 2123 a
327 2061 386 2124 deo
411 2066 448 2125 et
469 2060 559 2124 filio’.

373 2163 437 2228 Sed
461 2166 594 2228 unicum
619 2165 705 2227 bunc
732 2164 852 2244 locum,
881 2163 938 2226 ubi
966 2163 1055 2226 labor
1078 2172 1200 2243 noster,
1224 2167 1281 2247 qui
1306 2186 1409 2230 neees-

284 2269 368 2330 sario
398 2267 587 2350 plerumque
619 2267 752 2330 minutis
782 2268 816 2329 in
847 2266 942 2330 rebus
974 2267 1166 2347 continetur,
1198 2268 1239 2331 ad
1270 2270 1411 2352 graviora

284 2371 443 2449 ascendit,
474 2376 509 2434 ut
538 2371 616 2452 ianr,
646 2371 806 2453 quomodo
835 2368 950 2452 dogma
978 2370 1058 2434 illud
1087 2372 1245 2436 ecclesiae
1277 2374 1409 2455 primum

285 2473 382 2537 rerba
400 2480 572 2555 certaeque
592 2475 790 2537 definitionis
809 2475 980 2537 formulam
1000 2475 1170 2555 invenerit,
1196 2475 1307 2540 ridere
1326 2477 1412 2540 nobis

283 2576 458 2657 videamur,
481 2578 526 2640 ita
545 2578 637 2658 quasi
657 2578 743 2642 sicco
763 2578 843 2660 pede
863 2578 999 2641 mansne
1018 2577 1168 2659 equidem
1191 2579 1274 2642 nolo.
1300 2579 1413 2656 Quam-

283 2679 426 2760 quamsi
447 2678 530 2742 ultra
549 2679 681 2743 tendere
701 2679 851 2762 equidem
871 2679 1018 2759 conabor,
1038 2698 1089 2744 me
1109 2681 1334 2760 titubantibus,
1353 2684 1413 2745 lor·

283 2788 366 2845 tasse
397 2784 493 2846 etiam
524 2782 715 2847 errabundis
745 2782 897 2863 gradibus
929 2783 989 2846 hoc
1016 2782 1179 2846 facturum
1209 2784 1310 2867 probe
1340 2787 1412 2849 seio.

283 2885 423 2949 Videant
446 2886 545 2968 igitur
568 2885 630 2948 alii.
664 2885 745 2949 Mihi
766 2885 847 2949 bene
866 2885 1010 2968 intellegi
1029 2884 1166 2965 videtur,
1192 2906 1251 2951 cor
1272 2889 1413 2952 nascenti

282 2987 423 3070 dogmati
447 2988 530 3052 hanc
553 2990 693 3052 maxime
717 2989 888 3052 formulam
912 2988 1081 3071 elegerint,
1111 2989 1171 3053 hac
1196 2991 1338 3074 imagine
1362 2991 1412 3056 rel

282 3090 342 3155 hae
366 3091 529 3175 cogitandi
552 3092 676 3154 ratione
699 3092 942 3175 persuasionem
965 3110 1055 3155 suam
1079 3093 1199 3175 optime
1224 3095 1412 3178 intellegere

282 3195 342 3259 sibi
361 3196 422 3259 risi
442 3196 515 3258 sint.
548 3195 700 3258 Nondum
719 3201 866 3280 poterant
884 3195 977 3258 aliter
996 3194 1217 3259 ratiocinando
1238 3197 1414 3261 trinitatem

282 3304 314 3361 et
345 3301 500 3362 unitatem
534 3299 730 3380 coniungere
761 3298 825 3362 nisi
855 3317 913 3381 per
945 3299 1184 3361 emanationum
1216 3299 1415 3380 (προβολῶν)

281 3404 404 3465 seriem.
440 3403 588 3467 Nondum
614 3404 701 3466 enim
726 3403 910 3467 exoleverat
933 3403 1014 3465 mira
1037 3401 1090 3464 illa
1110 3403 1168 3479 vis,
1194 3423 1293 3484 quam
1318 3406 1413 3468 etiarn

281 3505 536 3569 adversariorum
556 3506 803 3588 cogitationibus
822 3505 997 3570 intulerant
1012 3505 1165 3583 Gnostici,
1191 3505 1224 3568 id
1241 3507 1329 3588 quod
1347 3509 1414 3592 ipse

281 3608 375 3671 docet
392 3607 614 3671 Tertullianus.
648 3609 698 3671 llll
718 3611 825 3672 autem
845 3627 887 3672 ex
906 3607 1116 3690 religionibus
1135 3608 1340 3690 popularium
1361 3629 1414 3674 su·

281 3730 373 3772 orum
404 3711 488 3774 hano
519 3710 611 3792 quasi
643 3711 814 3774 formulam
843 3712 1073 3775 transtulerant
1102 3718 1135 3775 et
1164 3732 1182 3774 a
1214 3712 1413 3798 pbilosophis

281 3818 530 3895 assumpserant,
560 3812 677 3895 quibus
706 3815 902 3896 argumentis
932 3812 1172 3877 multitudinem
1202 3816 1321 3878 unitati
1349 3836 1411 3879 non

280 3934 460 3999 repugnare
480 3916 699 3980 defenderent
734 3918 815 3981 Cum
835 3938 901 3981 una
919 3918 1033 3981 harum
1052 3917 1257 3999 religionum,
1283 3923 1411 4004 Aegyp

279 4018 396 4081 tiorum
408 4017 489 4099 dico,
498 4018 593 4100 paulo
605 4021 711 4082 notior
720 4020 858 4101 sithanc
868 4020 1256 4105 eligantexemplisqoid
1265 4027 1409 4104 sentiam,

374 4161 391 4225 ¹)
410 4160 505 4229 Agitur
524 4160 558 4214 de
579 4161 667 4230 ‘patre
686 4162 808 4231 filioque'
828 4163 988 4232 Augustini,
1013 4162 1088 4232 quod
1110 4167 1212 4232 postea
1236 4167 1330 4236 magni
1351 4172 1410 4222 erat

279 4246 412 4300 momenti
431 4246 461 4299 in
481 4247 635 4301 certamine
655 4247 879 4304 Christianorum
898 4249 1015 4305 orientis
1034 4255 1062 4304 et
1081 4251 1248 4307 occidentis.
