3308 4938
149 447 338 516 Quaestiones
349 449 556 505 Tertullianeae
567 449 604 505 ad
614 450 716 504 librum
729 449 872 506 Adversus
882 451 1010 507 Praxean
1022 453 1202 521 pertinentes.
1239 449 1279 510 69

152 639 333 704 possumne,
362 621 426 684 nisi
450 624 486 684 ut
514 621 556 686 ‘et
579 627 685 686 tamen
712 623 812 706 pater’
841 623 1028 688 scribamus,
1061 624 1221 708 Sequitur,
1245 633 1282 690 ut

151 743 211 788 suo
242 725 315 788 iure
342 723 571 806 Kroymannus
602 725 776 790 coniecerit
806 724 873 790 ‘ubi
988 727 1157 811 cognitum
1188 734 1237 792 est
1263 749 1282 792 a

153 826 274 905 nobis'3
304 827 337 889 in
362 824 523 910 'cognitus
552 833 609 908 est,
638 829 724 912 quod
751 831 821 914 ipse
922 831 1028 894 factus
1056 831 1107 894 sit'
1132 831 1281 913 equidem

154 947 217 992 non
248 929 426 1012 haererem,
457 929 513 994 sed
544 930 715 1015 ‘cognitus’
747 939 856 996 nostro
886 933 956 997 loco
987 933 1064 997 ferri
1093 952 1187 1016 posse
1218 953 1281 998 non

154 1031 259 1114 credo,
285 1053 359 1098 cum
384 1033 492 1097 verbis
515 1034 558 1098 ‘et
581 1035 699 1099 tamen'
724 1034 858 1100 alterum
879 1035 1060 1100 subiectum
1079 1037 1214 1119 (⁸pater'l
1233 1039 1282 1100 in-

153 1133 349 1199 troducatur.
373 1134 499 1199 Deinde
519 1142 591 1220 post
614 1137 741 1201 'factus’
764 1136 910 1203 addenda
934 1139 997 1202 erit
1015 1138 1130 1222 copula
1149 1139 1199 1202 vel
1218 1138 1282 1202 'sit’

154 1237 203 1302 rel
229 1238 300 1303 ‘est'
325 1276 366 1284 -
392 1241 565 1322 utrumque
595 1241 681 1304 enim
705 1239 789 1324 apud
813 1241 1043 1304 Tertullianum
1068 1241 1146 1306 ferri
1169 1246 1282 1325 potest

154 1340 244 1417 Quae
268 1347 450 1424 sequuntur
467 1341 560 1406 valde
580 1345 725 1406 contorta
742 1342 898 1407 ridentur.
931 1343 1025 1407 Viam
1050 1346 1156 1408 tamen
1176 1363 1283 1409 emcn-

153 1443 250 1508 dandi
281 1446 407 1528 aperuit
430 1445 578 1523 Ursinus
609 1465 682 1510 cum
712 1447 755 1510 ‘et
779 1448 864 1529 quia’
889 1449 1025 1511 mutarit
1055 1448 1089 1510 in
1113 1447 1161 1511 ‘ut
1188 1447 1283 1530 quia'.

155 1547 221 1611 Cur
240 1548 326 1612 enim
347 1548 409 1611 iam
430 1548 527 1612 deum
546 1569 647 1612 unum
667 1568 737 1614 esse
756 1551 909 1632 presserit
932 1551 1077 1632 ecclesie,
1102 1551 1283 1634 proferatur

155 1669 287 1715 necesse
315 1657 371 1715 est
405 1651 527 1715 Vocem
555 1651 652 1734 ‘quia'
682 1671 746 1714 non
774 1659 862 1716 reete
890 1653 1089 1718 intellexisse
1116 1654 1284 1738 Hoppeius

154 1754 233 1817 mihi
258 1754 395 1834 videtur,
426 1755 481 1837 qui
506 1754 635 1818 finalem
668 1775 736 1818 eam
769 1774 840 1819 esse
868 1759 1000 1838 putat1).
1038 1757 1131 1821 Certe
1159 1777 1223 1821 non
1249 1762 1285 1820 ut

154 1859 328 1922 transirent
351 1858 510 1937 nationes,
540 1878 641 1922 unum
670 1877 740 1922 esse
764 1859 858 1923 deum
889 1859 1140 1942 proclamabant,
1169 1862 1225 1926 sed
1250 1867 1286 1926 ut

155 1959 328 2026 dilucidior
358 1961 542 2025 differentia
573 1963 658 2025 inter
684 1982 824 2045 paganos
852 1963 1007 2046 plurimos
1035 1963 1113 2028 decs
1143 1966 1285 2029 colentes

155 2067 187 2128 et
211 2063 410 2128 Christianos
439 2065 696 2128 constitueretur.
730 2065 954 2129 Necessarium
983 2069 1091 2130 autem
1119 2067 1181 2132 hoc
1209 2071 1285 2149 erat,

156 2168 232 2249 quia
256 2171 324 2228 tum
347 2172 460 2249 gentes
484 2166 680 2231 adonicum
705 2168 799 2232 deum
824 2168 1004 2232 transibant
1023 2169 1074 2233 vel
1093 2171 1285 2234 transiturae

156 2267 358 2352 putabantur.
392 2271 543 2353 Apparet,
568 2270 595 2332 si
615 2271 659 2333 ita
680 2271 786 2354 iungis
806 2273 991 2354 sententias,
1011 2272 1088 2336 ferri
1109 2293 1173 2336 nou
1193 2291 1286 2356 posse

156 2371 236 2435 illud
264 2371 335 2436 ‘et'
359 2375 433 2438 ante
461 2372 663 2438 differentiae
688 2393 808 2438 vocem.
849 2375 917 2437 Aut
945 2373 1118 2439 delendum
1147 2377 1194 2439 est
1222 2381 1285 2458 aut,

156 2481 192 2538 ut
221 2475 301 2538 mihi
332 2479 433 2559 magis
463 2477 582 2560 placet,
614 2476 829 2560 supplendum
860 2476 1055 2541 vocabulum
1086 2477 1220 2558 domiui,
1252 2483 1286 2541 ut

156 2577 318 2662 prioribus
341 2579 447 2644 verbis
473 2579 600 2644 ‘nomen
625 2580 677 2642 dei
701 2585 733 2643 et
752 2578 883 2642 domini'
903 2580 1117 2663 respondeant
1135 2581 1196 2645 hoc
1213 2580 1285 2645 loco

155 2682 254 2746 rerba
270 2682 453 2746 ‘transirent
468 2682 507 2745 ad
525 2684 657 2746 unicum
675 2681 770 2746 deum
787 2689 819 2746 et
831 2683 1016 2746 dominum’.
1042 2684 1135 2748 Unus
1147 2683 1287 2749 restabat

156 2785 344 2868 scrupulus:
367 2785 464 2850 verba
483 2785 526 2850 ‘et
544 2806 618 2850 cum
635 2786 750 2869 spiritu
768 2787 892 2850 tertios’
908 2789 1092 2852 necessaria
1108 2788 1286 2852 adnexum

155 2888 386 2953 sententiarum
403 2909 469 2954 non
484 2887 694 2966 videbantur3
713 2888 770 2954 sed
786 2889 910 2954 adiecta
925 2893 1009 2969 eunt,
1026 2893 1062 2954 ut
1076 2910 1284 2974 personarum

157 3010 311 3056 numerus
336 2993 427 3074 isque
451 3013 570 3076 parvus
594 2994 657 3056 iam
682 3012 770 3056 nunc
793 2993 1039 3076 significaretur,
1064 2995 1119 3076 qui
1144 3000 1176 3058 el
1198 2995 1286 3057 oilm·

157 3095 284 3158 nomiae
293 3093 427 3159 verbum
438 3096 614 3179 explicaret
625 3103 657 3160 et
666 3101 881 3180 opponeretur
892 3094 1102 3158 'multitudini
1115 3095 1285 3160 idolorum'

157 3203 189 3260 et
212 3197 380 3282 ‘plurimae
405 3199 585 3262 divinitati’.
610 3197 725 3262 Totum
749 3200 848 3282 igitur
871 3197 976 3262 scribo
1001 3198 1108 3262 locum
1131 3201 1194 3262 sic:

246 3301 290 3364 ‘at
317 3299 374 3365 ubi
403 3302 491 3366 veuit
515 3302 662 3366 Christus
691 3307 722 3364 et
751 3301 923 3384 cognitum
954 3305 1002 3364 est
1029 3321 1047 3364 a
1071 3301 1171 3380 nobie,
1200 3299 1287 3382 quod

157 3403 236 3487 ipse,
268 3404 323 3485 qui
353 3424 523 3469 numerum
552 3410 636 3468 retro
664 3405 793 3484 fecerat,
822 3403 928 3467 factus
958 3404 1056 3480 <sit>
1082 3401 1286 3466 secundusa

156 3512 247 3590 patre
263 3513 384 3571 etcum
401 3509 516 3591 spiritu
533 3507 646 3572 tertius
664 3511 696 3572 et
713 3511 836 3571 tamen
857 3513 947 3590 pater
962 3527 1020 3590 per
1034 3508 1140 3590 ipsum
1159 3506 1286 3590 plenius

157 3610 389 3691 manifestatus,
414 3610 578 3674 redaetum
603 3616 651 3674 est
674 3611 737 3674 iam
761 3629 877 3675 nomen
898 3609 949 3675 dei
970 3615 1002 3673 et
1021 3609 1142 3673 domini
1162 3613 1195 3673 in
1215 3611 1286 3673 uni-

157 3732 262 3795 onem,
286 3719 329 3795 ut,
354 3713 430 3796 quie
449 3715 593 3778 nationes
613 3735 631 3778 a
651 3713 856 3777 multitudine
876 3713 1036 3778 idolorum
1055 3715 1228 3778 transirent
1246 3713 1286 3777 ad

251 3923 270 3984 ¹)
289 3919 318 3972 L.
333 3936 355 3973 c.
367 3937 392 3988 p.
404 3919 438 3974 76
457 3919 522 3974 adn.
532 3919 557 3972 3.
568 3919 704 3988 legimus:
725 3918 912 3973 «Zweifelhafl
926 3917 970 3986 ist,
990 3918 1025 3972 ob
1040 3917 1194 3972 Tertullian
1207 3917 1287 3986 quia

158 4004 245 4058 sehon
258 4004 289 4058 in
303 4005 415 4059 finalem
428 4004 514 4060 Sinne
528 4007 573 4062 l=
586 4005 626 4072 ul)
639 4003 791 4074 gebrauchl
803 4003 860 4058 het.
890 4003 939 4057 Die
953 4003 1061 4072 einzige
1074 4003 1167 4070 Stelle,
1180 4003 1285 4056 welche

158 4088 186 4142 in
206 4091 293 4159 Frage
313 4090 427 4156 lromml,
448 4091 485 4144 ist
503 4091 583 4146 Prax.
599 4090 632 4144 13
652 4095 682 4145 ut
700 4093 741 4156 (ao
759 4089 828 4158 dest)
846 4089 912 4158 quia
932 4089 1062 4144 nationes
1079 4087 1286 4143 amultiludiue

157 4176 295 4231 idolorum
321 4176 475 4230 transirent
500 4175 538 4231 ad
565 4175 678 4230 unicum
708 4175 791 4229 deum
820 4179 846 4228 el
875 4173 1034 4229 differentia
1060 4173 1285 4228 constitueretur.

158 4261 277 4332 lltlglich
296 4261 341 4328 ist,
361 4261 417 4316 dall
436 4263 509 4317 nach
528 4261 593 4316 dem
613 4260 817 4316 konsekuliven
836 4259 884 4314 ‘ut'
902 4259 981 4328 quia
1004 4259 1117 4314 fiir-das
1136 4257 1220 4312 finale
1238 4258 1287 4312 ‘ul’

158 4347 243 4414 steht3
264 4347 395 4416 tlbn'gens
415 4347 508 4401 haben
528 4347 572 4401 die
593 4345 673 4400 codd.
687 4347 729 4400 ‘et
748 4345 846 4414 quia.»
