2894 4824
716 355 832 411 Victor
851 356 992 423 Coqun,

604 1014 762 1090 LIBER
788 1012 1092 1090 POSTERIOR.

816 1216 834 1291 ξ
861 1212 887 1272 1.

272 1328 276 1334 ’
373 1339 463 1403 Ηο00
486 1340 585 1403 altera
608 1360 681 1422 pars
705 1340 902 1421 quaestionis
927 1342 1054 1403 nostrae
1078 1339 1209 1404 criticae
1233 1340 1268 1402 in
1290 1340 1414 1403 Aristo-

283 1444 396 1526 phanis
426 1442 552 1506 fabulas
581 1444 614 1505 in
643 1441 864 1525 comparandis
893 1443 1087 1506 scholiorum
1115 1442 1310 1506 lectionibus
1339 1464 1411 1507 cum

283 1545 478 1610 codicumlt
501 1535 533 1609 et
549 1547 578 1608 V
595 1551 650 1610 aut
673 1567 784 1610 eorum
800 1547 978 1629 scripturis,
1002 1547 1056 1627 qui
1081 1546 1115 1608 iu
1137 1545 1412 1627 AcharnensibuS,

281 1649 525 1733 Ecclesiazusis,
545 1651 724 1732 Lysistrata
742 1671 798 1735 pro
816 1651 846 1711 V
862 1649 1036 1714 adhibendi
1054 1655 1138 1730 sunt
1166 1651 1350 1714 versabitur
1369 1653 1411 1714 ita

283 1752 421 1835 quidem,
450 1756 486 1816 ut
509 1755 649 1836 primum
674 1773 731 1817 eae
756 1756 934 1817 tractentur
956 1754 1121 1835 lectiones,
1147 1753 1264 1835 quibus
1290 1755 1414 1818 scholia

283 1875 357 1919 cum
372 1856 403 1916 V
419 1857 470 1919 vel
487 1857 626 1938 samiis,
651 1858 706 1939 qui
721 1877 778 1940 pro
795 1857 825 1917 V
842 1860 925 1936 sunt
949 1856 1114 1920 codicibus
1130 1878 1149 1920 a
1164 1856 1192 1920 R
1209 1855 1414 1937 dissentiunt

283 1957 400 2022 deinde
424 1979 489 2040 eae,
514 1959 631 2041 quibus
655 1981 674 2022 a
696 1963 785 2042 parte
810 1960 837 2023 R
860 1958 1014 2022 adversus
1031 1959 1061 2020 V
1078 1960 1128 2023 vel
1149 1979 1212 2040 eos,
1237 1960 1293 2041 qui
1310 1981 1367 2043 pro
1383 1960 1413 2019 V

282 2065 366 2141 sunt
396 2061 495 2124 libros
524 2063 645 2126 scholia
674 2066 767 2144 stant
797 2067 865 2125 tum
894 2062 934 2124 de
963 2063 1003 2123 iis
1032 2061 1210 2124 disseratur
1236 2061 1326 2141 Iocis,
1357 2062 1411 2126 ubi

282 2165 403 2229 scholia
427 2170 538 2229 contra
561 2170 732 2249 utrumque
757 2166 912 2230 librorum
936 2186 1038 2248 genus
1057 2167 1190 2248 faciunt,
1210 2165 1352 2250 denique
1372 2167 1411 2230 de

283 2269 331 2350 iis,
356 2269 410 2331 ubi
430 2269 601 2333 scholiasta
620 2273 746 2353 praeter
765 2290 834 2332 eam
854 2271 1053 2351 scripturam,
1073 2290 1169 2350 quam
1189 2270 1222 2331 in
1242 2272 1334 2332 textu
1355 2290 1413 2333 suo

282 2373 414 2454 invemt,
438 2374 543 2436 varias
566 2374 721 2437 lectiones
746 2377 979 2435 commemorat.

372 2476 441 2552 Qua
470 2478 501 2538 in
533 2497 567 2539 re
596 2476 761 2540 tractanda
784 2480 910 2559 praeter
931 2477 1097 2540 Duebneri
1122 2476 1296 2540 editionem
1322 2477 1414 2541 sebo

281 2579 406 2659 liorum,
431 2600 526 2661 quam
550 2600 614 2642 non
634 2579 783 2643 omnibus
805 2599 845 2642 ex
865 2579 1009 2662 partibus
1034 2584 1214 2643 accuratam
1234 2584 1266 2643 et
1290 2582 1411 2662 periec-

281 2685 346 2744 tam
366 2702 436 2745 esse
457 2683 534 2745 satis
554 2685 686 2762 constat
707 2689 738 2744 et
757 2685 881 2764 praeter
897 2684 936 2745 A.
953 2682 1082 2744 Martiui
1103 2682 1304 2747 collationem
1321 2683 1414 2747 scho-

281 2785 396 2847 liorum
412 2786 448 2865 R,
468 2786 551 2848 Guil.
568 2784 788 2849 Ruthertordii
813 2784 953 2848 editione
974 2784 1168 2847 scholiorum
1188 2783 1291 2848 codici
1312 2785 1339 2848 It
1358 2784 1412 2848 ad·

281 2888 473 2969 scriptorum
486 2907 565 2950 usus
579 2907 659 2966 sum
678 2907 760 2968 quae
777 2909 795 2950 a
809 2888 929 2951 criticis
942 2908 1006 2950 non
1019 2891 1084 2950 tam
1096 2907 1297 2969 magnacum
1315 2888 1409 2951 laude

280 3010 376 3072 quam
400 2992 467 3054 acri
492 3010 566 3054 cum
587 2990 821 3072 vituperatione
840 2993 973 3071 excepta
994 2993 1050 3054 cst
1076 2993 1181 3072 Atque
1206 2993 1242 3053 ut
1266 2991 1409 3053 omittam

279 3094 318 3155 A.
334 3093 536 3173 Roemerum,
558 3093 612 3175 qui
634 3092 734 3155 multo
750 3093 878 3176 longius
895 3113 990 3174 quam
1008 3113 1064 3175 par
1079 3095 1128 3156 est
1143 3094 1177 3156 in
1198 3093 1409 3176 vituperando

279 3196 506 3260 Rutherforuio
535 3217 723 3279 progressus
750 3216 821 3260 esse
849 3196 985 3277 videtur,
1012 3196 1046 3258 in
1073 3195 1155 3259 libro
1183 3215 1251 3277 suo,
1276 3197 1331 3278 qui
1362 3197 1409 3259 in-

279 3298 446 3362 scribitur:
472 3299 629 3363 “Studien
652 3320 693 3362 zu
711 3301 943 3383 Aristophanes
962 3300 1030 3362 und
1051 3300 1112 3364 den
1133 3301 1216 3363 alten
1237 3300 1409 3364 Erbllirern

279 3400 470 3465 desselbou''
495 3402 639 3485 (Leipzig
664 3404 769 3484 1902),
798 3403 959 3467 Zacberus
983 3403 1017 3464 in
1042 3403 1190 3485 Parergis
1215 3403 1283 3466 suis
1315 3403 1408 3483 (Phil.

279 3504 386 3586 Suppl.
402 3505 462 3567 vol.
474 3505 546 3584 vu,
569 3507 663 3585 1099,
680 3527 707 3588 p.
720 3508 909 3586 les-529)
929 3510 961 3569 et
977 3507 1000 3569 Ι.
1013 3527 1075 3569 van
1092 3507 1215 3587 ljzeren
1236 3505 1269 3567 in
1287 3506 1406 3570 Mnem.

278 3609 357 3671 Nor.
374 3608 440 3671 Scr.
456 3608 614 3689 xxviii,
634 3611 728 3690 1900,
753 3631 781 3692 p.
797 3612 860 3672 170
877 3631 944 3691 sqq.
966 3611 999 3671 in
1024 3611 1211 3691 quaestione
1235 3630 1310 3672 sua:
1337 3609 1407 3674 “De

278 3711 376 3773 variis
387 3710 580 3774 lectionibus
593 3711 850 3775 aRutherfordio
861 3732 878 3775 e
889 3713 1270 3796 scholiisAristopbaneis
1284 3714 1408 3776 erutis”

278 3814 469 3877 Brittannici
482 3814 569 3877 illius
581 3816 683 3878 critici
695 3814 815 3878 librum
827 3816 894 3879 acri
907 3815 1081 3896 subtilique
1094 3815 1225 3898 ingenio
1241 3819 1274 3878 et
1286 3815 1407 3878 iudicio

277 3922 540 3998 percensuerunt
577 3918 665 3993 Quae
694 3939 768 3981 cum
792 3920 836 3982 ita
860 3919 937 3996 sint,
966 3919 1000 3980 in
1024 3917 1244 3982 Rutbericrdii
1273 3918 1406 3981 scholiis

277 4020 533 4101 Aristophanicis
557 4020 748 4085 adhibendis
772 4042 929 4087 summam
954 4021 1136 4085 cautionem
1159 4018 1301 4083 adhibui.

366 4122 456 4186 Haec
471 4124 571 4205 igitur
586 4124 796 4188 fundamenta
812 4126 997 4207 posterioris
1016 4126 1112 4188 huius
1129 4123 1201 4186 libri
1215 4127 1315 4205 erant
1331 4145 1406 4187 oum

276 4225 407 4289 meliora
420 4226 578 4290 deessent.
598 4227 702 4309 Atque
714 4226 1023 4310 praeterDucbneri
1035 4227 1174 4308 Ilartini,
1184 4226 1406 4291 Rutbertordii
