3288 4908
368 389 388 454 6
797 399 831 452 M.
851 399 1070 464 Heinemann‚

366 567 508 634 anderen
533 569 645 648 Quelle
673 570 850 654 geilossen‚
882 568 935 634 die
963 569 1032 634 sich
1061 568 1145 633 anob
1170 565 1326 649 angeben
1350 561 1428 627 lusst
1472 559 1520 624 Es

365 672 409 735 ist
432 671 484 736 die
506 671 698 756 Elegie’1).

457 774 527 852 Qua
546 775 580 839 in
599 776 758 841 sententia
776 775 895 841 Leonis
914 793 1025 840 omnes
1045 773 1107 837 viri
1127 772 1216 838 docti
1235 771 1297 835 diu
1318 770 1521 852 acquiesce·

365 876 443 942 bant
454 880 487 943 et
499 877 756 961 inveniebantur,
767 879 823 962 qui
835 879 896 943 hac
906 879 1039 956 ratione,
1051 897 1146 960 qnam
1158 875 1342 960 proposuit,
1353 871 1519 954 reliquias

365 1000 460 1062 quarn
479 981 637 1065 plurimas
662 981 838 1066 elegiarum
856 979 1151 1047 Alexandrinarum
1175 995 1380 1062 recuperare
1400 972 1519 1038 stude·

364 1085 452 1162 rent;
485 1083 521 1146 in
551 1083 665 1168 primis
693 1083 887 1150 Volkmarns
919 1083 1103 1165 Hoelzerr),
1136 1081 1303 1147 Ricardns
1338 1078 1518 1160 Biirger⁵g

364 1183 549 1251 Friderious
560 1185 753 1268 wilhelme.
771 1187 913 1265 Quorum
925 1186 1102 1252 Hoelzerus
1113 1203 1234 1268 magna
1245 1202 1326 1248 cum
1339 1179 1521 1264 diligentia

365 1306 475 1352 omnes
487 1287 556 1353 fere
571 1291 755 1372 sententias,
769 1290 886 1373 quibus
901 1289 1085 1354 comoediae
1100 1293 1132 1354 et
1145 1287 1273 1372 elegiae
1282 1286 1519 1350 Romanorum

364 1395 397 1455 et
413 1390 489 1454 libri
512 1391 648 1456 aliorum
667 1391 860 1476 scriptorum
880 1393 1074 1457 ereticorum
1097 1397 1297 1474 congruunt,
1322 1386 1464 1470 collegit
1483 1389 1518 1447 et

364 1491 435 1556 illos
454 1493 630 1558 sententies
644 1493 684 1557 ab
704 1494 816 1578 elegiis
831 1491 1072 1576 Alexandrinis,
1089 1511 1228 1576 quarum
1244 1493 1364 1576 poetae
1380 1505 1516 1554 comoe-

364 1593 433 1658 dias
443 1595 699 1678 exscripsissenl,
707 1599 851 1680 sumptas
863 1615 935 1661 esse
945 1595 1160 1680 proclamavit.
1174 1595 1359 1676 Biirgcrns,
1369 1593 1428 1674 qui
1441 1588 1517 1654 sola

363 1697 505 1762 carmina
525 1697 684 1763 Ovidiaua
702 1702 825 1782 mactat,
841 1698 958 1764 Leonis
977 1701 1088 1782 utpote
1108 1697 1305 1781 discipulus,
1328 1694 1514 1778 Georgium

361 1798 508 1882 Kaibeli)
539 1801 681 1868 refutare
710 1800 827 1884 studet,
867 1803 922 1884 qui
953 1801 1096 1866 affirmat
1126 1799 1286 1864 Ovidium
1319 1795 1513 1864 Philodemi

361 1903 598 1986 epigrammatis
614 1925 672 1988 pro
692 1903 929 1989 exemplaribus
946 1904 1074 1988 saepius
1094 1922 1190 1967 usum
1210 1921 1287 1968 csso
1307 1908 1342 1966 et
1361 1900 1513 1966 carmina

362 2000 1513 2090 eiusinformamelegiarumredegisseQuoditasehabereBiirgerusb

361 2113 464 2190 negat,
492 2106 549 2172 sed
574 2127 648 2173 oum
667 2109 895 2193 epigrammata
918 2109 1015 2172 huius
1038 2113 1070 2173 et
1094 2107 1219 2190 elegiae
1242 2107 1337 2172 illius
1361 2107 1453 2170 inter
1475 2121 1512 2168 se

359 2210 481 2274 similes
504 2210 577 2293 sint,
601 2209 755 2275 Ovidium
779 2217 811 2276 et
833 2210 1058 2276 Philodemum
1081 2209 1120 2274 ab
1139 2208 1248 2275 isdem
1273 2209 1438 2290 lontibus,
1463 2205 1509 2270 ab

360 2312 500 2396 elegiis
523 2311 819 2395 Alexandrinis,
843 2332 923 2396 quas
948 2312 1328 2396 epigrammatographus
1354 2309 1509 2376 decurta-

359 2415 449 2496 verit,
468 2413 610 2498 pendero
625 2419 725 2500 putat.
744 2414 797 2480 Ad
813 2417 1006 2482 sententiam
1022 2434 1113 2480 suam
1128 2413 1337 2498 probandam
1355 2412 1508 2498 epistulis

452 2576 473 2644 1)
489 2574 531 2630 Ne
549 2574 682 2629 iniuriam
700 2573 804 2630 faciam
823 2574 885 2630 viro
904 2590 1023 2642 summo,
1043 2573 1155 2641 addam,
1175 2589 1254 2643 quae
1276 2573 1442 2629 novissime
1461 2571 1509 2626 ille

359 2658 561 2714 inenarranda
579 2657 735 2714 litterarum
748 2659 912 2714 Latinarum
931 2658 1050 2714 historia
1062 2658 1098 2713 de
1111 2659 1204 2728 elegia
1217 2658 1424 2714 Alexandrina
1442 2672 1507 2726 pro-
1609 2717 1610 2728 ,

359 2742 422 2798 tulit
450 2743 633 2814 (llinneberg,
662 2743 761 2799 Kultur
788 2743 839 2799 der
861 2743 1028 2814 Gogeuwart
1055 2744 1065 2797 l
1088 2743 1123 2797 8·
1153 2759 1179 2812 p.
1200 2741 1287 2812 369):
1325 2743 1430 2798 ‘Wenn
1454 2741 1507 2796 das
1609 2759 1610 2778 ¹

359 2825 525 2897 Schweigen
548 2826 600 2882 der
622 2817 832 2898 chrlieierung
854 2827 981 2882 wirlrlich
1003 2827 1146 2883 bedenten
1169 2828 1266 2897 sollte,
1296 2827 1357 2884 dau
1382 2845 1415 2883 es
1441 2825 1506 2882 eine

358 2926 415 2965 von
434 2911 484 2966 der
506 2911 705 2981 persbnlicheu
723 2912 907 2982 Emplindnng
930 2912 981 2967 des
1000 2912 1126 2968 Dichters
1149 2912 1274 2981 crillllte,
1302 2913 1387 2968 seino
1407 2911 1504 2966 Erleb-
1609 2939 1610 2984 l

358 2994 437 3050 nisse
459 2995 589 3065 poetisch
610 2995 787 3065 gestaltende
809 2996 1021 3052 hellenistische
1040 2995 1245 3065 Liebeselegie,
1275 2996 1342 3051 also
1368 2993 1505 3050 eineder
1609 3003 1610 3076 3

358 3079 520 3135 romischen
539 3079 634 3149 Elegia
653 3080 878 3150 entsprechende
897 3079 1108 3136 hellenialische
1127 3079 1207 3134 nicht
1227 3079 1363 3150 gegeben
1386 3081 1446 3146 bat,
1469 3095 1503 3134 so
1609 3095 1610 3128 ὲ

358 3163 475 3220 wiirden
498 3164 606 3220 lreilioh
625 3165 716 3220 Tibull
737 3165 796 3220 und
816 3165 936 3235 Propera
959 3167 989 3220 in
1012 3165 1087 3220 ihrer
1110 3165 1317 3220 literarischen
1337 3167 1504 3235 Bedeutung

358 3265 429 3320 ganz
448 3249 634 3306 belrlichtlich
653 3249 769 3320 rteigeu.
799 3251 880 3306 Danu
898 3251 997 3305 bition
1009 3250 1061 3304 wir
1073 3249 1125 3305 das
1144 3249 1229 3316 scine,
1250 3251 1412 3319 geschoite,
1432 3251 1501 3304 aler·

358 3334 441 3402 liche,
466 3334 669 3404 empfindsame
688 3333 846 3404 Epigramm
869 3351 904 3388 zu
929 3333 1007 3388 einer
1030 3333 1195 3404 poetischen
1219 3334 1352 3405 Gattung
1376 3335 1501 3390 hoheren
1609 3383 1610 3416 ,

359 3418 442 3474 Stilcs
462 3418 595 3474 erhoben.
616 3418 740 3474 Aul
760 3419 806 3474 die
829 3419 925 3488 Frage,
952 3417 998 3473 die
1021 3418 1083 3474 hier
1104 3417 1234 3488 rorliegt,
1259 3420 1337 3475 wird
1358 3419 1500 3475 riellcicht
1609 3471 1610 3476 ,

359 3503 464 3558 einmal
483 3503 533 3558 der
551 3502 716 3573 egyptischo
735 3501 834 3558 Boden
852 3502 898 3556 die
916 3503 1043 3557 Aniwort
1062 3501 1197 3572 bringen’.

449 3593 471 3662 ⁸)
489 3591 656 3647 Volkmarus
666 3592 792 3659 Hoelzer,
803 3591 843 3645 Do
853 3591 933 3660 poesi
946 3591 1115 3646 amatoriae
1128 3591 1246 3646 comicis
1258 3592 1367 3648 Atticis
1381 3591 1499 3662 exculta,
1609 3591 1610 3600 ’

359 3675 395 3732 ab
413 3675 546 3746 elegiacis
563 3676 722 3731 imitatione
740 3691 882 3744 expressa,
900 3691 966 3744 pars
982 3675 1067 3744 prior.
1088 3673 1228 3742 Marpurgi
1248 3673 1347 3730 Chatt.
1364 3677 1444 3732 1899.

448 3761 471 3830 ⁸)
488 3759 627 3815 Ricardus
640 3760 753 3830 Bilrger,
773 3761 812 3815 De
825 3759 919 3816 Ovidii
938 3759 1092 3814 carminum
1105 3757 1314 3815 amaioricrum
1332 3761 1498 3818 inventione

359 3849 387 3901 et
406 3851 475 3900 arte.
495 3844 667 3914 Guelferbyii
687 3845 765 3900 1901.

449 3930 472 3999 ⁴)
492 3929 650 3984 Friderious
659 3927 797 3996 wilhelm,
807 3927 967 3998 Philologus
978 3927 1113 3998 60(1901)
1122 3944 1148 3997 p.
1157 3927 1211 3982 579
1218 3943 1292 3998 sqq,
1307 3929 1497 3988 Rheiniscbes
1609 3955 1610 3960 ¹

358 4013 486 4068 Museum
505 4015 541 4068 59
559 4013 652 4082 (1904)
671 4030 697 4082 p.
711 4013 765 4066 279
775 4029 834 4082 qq.

450 4097 472 4160 5)
491 4097 628 4166 Georgius
647 4097 753 4165 Kaibel,
780 4095 936 4152 Philodami
961 4095 1170 4168 epigrammate.
1204 4095 1297 4152 Index
1318 4099 1496 4158 scholaria

358 4180 793 4336 Unive=5.llrliit1.){rgphisweld
814 4180 884 4236 1885
903 4197 929 4251 p.
941 4181 983 4237 17.
1003 4182 1046 4236 21.
