<?xml version="1.0" encoding="UTF-8"?>
<!DOCTYPE html PUBLIC "-//W3C//DTD XHTML 1.0 Transitional//EN"
    "http://www.w3.org/TR/xhtml1/DTD/xhtml1-transitional.dtd">
<html xmlns="http://www.w3.org/1999/xhtml" xml:lang="en" lang="en">
 <head>
  <title>
</title>
<meta http-equiv="Content-Type" content="text/html;charset=utf-8" />
  <meta name='ocr-system' content='tesseract 3.04.00' />
  <meta name='ocr-capabilities' content='ocr_page ocr_carea ocr_par ocr_line ocrx_word'/>
</head>
<body>
  <div class='ocr_page' id='page_1' title='image "./dissertationesp03stragoog_0857.png"; bbox 0 0 3248 4910; ppageno 0'>
   <div class='ocr_carea' id='block_1_1' title="bbox 392 390 1097 463">
    <p class='ocr_par' dir='ltr' id='par_1_1' title="bbox 392 390 1097 463">
     <span class='ocr_line' id='line_1_1' title="bbox 392 390 1097 463; baseline -0.01 -9"><span class='ocrx_word' id='word_1_1' title='bbox 392 390 432 454; x_wconf 91' lang='grc'>16</span> <span class='ocrx_word' id='word_1_2' title='bbox 821 395 856 449; x_wconf 88' lang='lat' dir='ltr'>M.</span> <span class='ocrx_word' id='word_1_3' title='bbox 875 394 1097 463; x_wconf 88' lang='lat' dir='ltr'>Heinemann,</span> 
     </span>
    </p>
   </div>
   <div class='ocr_carea' id='block_1_2' title="bbox 391 563 1596 1994">
    <p class='ocr_par' dir='ltr' id='par_1_2' title="bbox 391 563 1596 2004">
     <span class='ocr_line' id='line_1_2' title="bbox 392 563 1589 652; baseline -0.007 -19"><span class='ocrx_word' id='word_1_4' title='bbox 392 569 508 652; x_wconf 87' lang='lat' dir='ltr'>Neque</span> <span class='ocrx_word' id='word_1_5' title='bbox 521 567 656 632; x_wconf 88' lang='lat' dir='ltr'>aliorum</span> <span class='ocrx_word' id='word_1_6' title='bbox 668 571 987 652; x_wconf 83' lang='lat' dir='ltr'>progymnasmatum</span> <span class='ocrx_word' id='word_1_7' title='bbox 1000 567 1118 631; x_wconf 85' lang='lat' dir='ltr'>desunt</span> <span class='ocrx_word' id='word_1_8' title='bbox 1129 565 1215 650; x_wconf 92' lang='lat' dir='ltr'>apud</span> <span class='ocrx_word' id='word_1_9' title='bbox 1229 563 1387 631; x_wconf 89' lang='lat' dir='ltr'>eundem</span> <span class='ocrx_word' id='word_1_10' title='bbox 1399 563 1527 646; x_wconf 79' lang='lat' dir='ltr'>vestigia,</span> <span class='ocrx_word' id='word_1_11' title='bbox 1587 582 1589 652; x_wconf 71' lang='lat' dir='ltr'>l</span> 
     </span>
     <span class='ocr_line' id='line_1_3' title="bbox 392 667 1528 755; baseline -0.005 -20"><span class='ocrx_word' id='word_1_12' title='bbox 392 672 482 736; x_wconf 85' lang='lat' dir='ltr'>velut</span> <span class='ocrx_word' id='word_1_13' title='bbox 504 672 664 754; x_wconf 76' lang='lat'>111141),</span> <span class='ocrx_word' id='word_1_14' title='bbox 695 691 759 754; x_wconf 88' lang='lat' dir='ltr'>qua</span> <span class='ocrx_word' id='word_1_15' title='bbox 787 671 891 755; x_wconf 90' lang='lat' dir='ltr'>elegia</span> <span class='ocrx_word' id='word_1_16' title='bbox 920 675 1014 754; x_wconf 84' lang='lat' dir='ltr'>poeta</span> <span class='ocrx_word' id='word_1_17' title='bbox 1045 671 1179 754; x_wconf 84' lang='lat' dir='ltr'>exponit</span> <span class='ocrx_word' id='word_1_18' title='bbox 1211 688 1349 734; x_wconf 88' lang='lat' dir='ltr'>morem</span> <span class='ocrx_word' id='word_1_19' title='bbox 1383 667 1528 732; x_wconf 82' lang='lat' dir='ltr'>Lacedae</span> 
     </span>
     <span class='ocr_line' id='line_1_4' title="bbox 391 772 1530 858; baseline -0.009 -17"><span class='ocrx_word' id='word_1_20' title='bbox 391 777 573 841; x_wconf 87' lang='lat' dir='ltr'>moniorum</span> <span class='ocrx_word' id='word_1_21' title='bbox 596 775 709 856; x_wconf 82' lang='lat' dir='ltr'>fuisse,</span> <span class='ocrx_word' id='word_1_22' title='bbox 732 777 769 838; x_wconf 90' lang='lat' dir='ltr'>ut</span> <span class='ocrx_word' id='word_1_23' title='bbox 787 774 930 858; x_wconf 84' lang='lat' dir='ltr'>virgines</span> <span class='ocrx_word' id='word_1_24' title='bbox 954 791 1062 838; x_wconf 89' lang='lat' dir='ltr'>coram</span> <span class='ocrx_word' id='word_1_25' title='bbox 1084 773 1163 836; x_wconf 86' lang='lat' dir='ltr'>viris</span> <span class='ocrx_word' id='word_1_26' title='bbox 1186 773 1220 836; x_wconf 93' lang='lat' dir='ltr'>in</span> <span class='ocrx_word' id='word_1_27' title='bbox 1238 772 1426 856; x_wconf 85' lang='lat' dir='ltr'>palaestris</span> <span class='ocrx_word' id='word_1_28' title='bbox 1448 787 1530 833; x_wconf 83' lang='lat' dir='ltr'>exer-</span> 
     </span>
     <span class='ocr_line' id='line_1_5' title="bbox 392 875 1594 961; baseline -0.009 -17"><span class='ocrx_word' id='word_1_29' title='bbox 392 885 551 961; x_wconf 89' lang='lat' dir='ltr'>cerentur,</span> <span class='ocrx_word' id='word_1_30' title='bbox 576 877 663 960; x_wconf 91' lang='lat' dir='ltr'>quod</span> <span class='ocrx_word' id='word_1_31' title='bbox 682 883 906 961; x_wconf 82' lang='lat' dir='ltr'>argumentum</span> <span class='ocrx_word' id='word_1_32' title='bbox 925 875 964 940; x_wconf 89' lang='lat' dir='ltr'>ad</span> <span class='ocrx_word' id='word_1_33' title='bbox 982 875 1127 940; x_wconf 91' lang='lat' dir='ltr'>studium</span> <span class='ocrx_word' id='word_1_34' title='bbox 1145 876 1216 954; x_wconf 90' lang='grc' dir='ltr'>περὶ</span> <span class='ocrx_word' id='word_1_35' title='bbox 1236 876 1390 955; x_wconf 73' lang='grc' dir='ltr'>νόμου’)</span> <span class='ocrx_word' id='word_1_36' title='bbox 1410 875 1531 956; x_wconf 80' lang='lat' dir='ltr'>spectat</span> <span class='ocrx_word' id='word_1_37' title='bbox 1593 890 1594 904; x_wconf 58' lang='lat'>¹</span> 
     </span>
     <span class='ocr_line' id='line_1_6' title="bbox 482 973 1533 1064; baseline -0.009 -18"><span class='ocrx_word' id='word_1_38' title='bbox 482 981 634 1046; x_wconf 84' lang='lat' dir='ltr'>Solebant</span> <span class='ocrx_word' id='word_1_39' title='bbox 649 979 779 1064; x_wconf 91' lang='lat' dir='ltr'>quidem</span> <span class='ocrx_word' id='word_1_40' title='bbox 800 980 836 1042; x_wconf 92' lang='lat' dir='ltr'>in</span> <span class='ocrx_word' id='word_1_41' title='bbox 856 979 975 1043; x_wconf 90' lang='lat' dir='ltr'>scholis</span> <span class='ocrx_word' id='word_1_42' title='bbox 996 979 1089 1062; x_wconf 90' lang='lat' dir='ltr'>pueri</span> <span class='ocrx_word' id='word_1_43' title='bbox 1114 978 1390 1060; x_wconf 86' lang='lat' dir='ltr'>uniuscuiusque</span> <span class='ocrx_word' id='word_1_44' title='bbox 1413 973 1533 1060; x_wconf 90' lang='lat' dir='ltr'>generis</span> 
     </span>
     <span class='ocr_line' id='line_1_7' title="bbox 394 1079 1533 1170; baseline -0.01 -19"><span class='ocrx_word' id='word_1_45' title='bbox 394 1086 541 1170; x_wconf 86' lang='lat' dir='ltr'>exempla</span> <span class='ocrx_word' id='word_1_46' title='bbox 559 1083 715 1170; x_wconf 88' lang='lat' dir='ltr'>quaedam</span> <span class='ocrx_word' id='word_1_47' title='bbox 741 1084 935 1162; x_wconf 76' lang='lat' dir='ltr'>ediscere³);</span> <span class='ocrx_word' id='word_1_48' title='bbox 960 1082 1105 1146; x_wconf 88' lang='lat' dir='ltr'>solebant</span> <span class='ocrx_word' id='word_1_49' title='bbox 1123 1079 1199 1145; x_wconf 92' lang='lat' dir='ltr'>doct</span> <span class='ocrx_word' id='word_1_50' title='bbox 1186 1084 1275 1146; x_wconf 88' lang='lat' dir='ltr'>tores</span> <span class='ocrx_word' id='word_1_51' title='bbox 1299 1100 1367 1146; x_wconf 91' lang='lat' dir='ltr'>eos</span> <span class='ocrx_word' id='word_1_52' title='bbox 1389 1084 1533 1144; x_wconf 81' lang='lat' dir='ltr'>auctores</span> 
     </span>
     <span class='ocr_line' id='line_1_8' title="bbox 393 1182 1596 1292; baseline -0.009 -38"><span class='ocrx_word' id='word_1_53' title='bbox 393 1207 592 1270; x_wconf 87' lang='lat' dir='ltr'>enumerare,</span> <span class='ocrx_word' id='word_1_54' title='bbox 625 1186 710 1272; x_wconf 89' lang='lat' dir='ltr'>apud</span> <span class='ocrx_word' id='word_1_55' title='bbox 741 1205 822 1268; x_wconf 91' lang='lat' dir='ltr'>quos</span> <span class='ocrx_word' id='word_1_56' title='bbox 854 1185 1072 1249; x_wconf 86' lang='lat' dir='ltr'>illustrissima</span> <span class='ocrx_word' id='word_1_57' title='bbox 1102 1185 1377 1268; x_wconf 90' lang='lat' dir='ltr'>uniuscuiusque</span> <span class='ocrx_word' id='word_1_58' title='bbox 1412 1182 1534 1268; x_wconf 85' lang='lat' dir='ltr'>generis</span> <span class='ocrx_word' id='word_1_59' title='bbox 1595 1198 1596 1292; x_wconf 59' lang='lat' dir='ltr'>p</span> 
     </span>
     <span class='ocr_line' id='line_1_9' title="bbox 394 1283 1596 1416; baseline -0.011 -59"><span class='ocrx_word' id='word_1_60' title='bbox 394 1292 542 1376; x_wconf 89' lang='lat' dir='ltr'>exempla</span> <span class='ocrx_word' id='word_1_61' title='bbox 554 1295 727 1356; x_wconf 82' lang='lat' dir='ltr'>exstarent.</span> <span class='ocrx_word' id='word_1_62' title='bbox 748 1289 838 1354; x_wconf 90' lang='lat' dir='ltr'>Inter</span> <span class='ocrx_word' id='word_1_63' title='bbox 851 1307 931 1372; x_wconf 90' lang='lat' dir='ltr'>quos</span> <span class='ocrx_word' id='word_1_64' title='bbox 944 1307 1019 1352; x_wconf 90' lang='lat' dir='ltr'>cum</span> <span class='ocrx_word' id='word_1_65' title='bbox 1029 1287 1114 1352; x_wconf 89' lang='lat' dir='ltr'>Theo</span> <span class='ocrx_word' id='word_1_66' title='bbox 1128 1287 1213 1352; x_wconf 89' lang='lat' dir='ltr'>haud</span> <span class='ocrx_word' id='word_1_67' title='bbox 1226 1307 1298 1351; x_wconf 88' lang='lat' dir='ltr'>raro</span> <span class='ocrx_word' id='word_1_68' title='bbox 1313 1283 1534 1352; x_wconf 79' lang='lat' dir='ltr'>Menandrum</span> <span class='ocrx_word' id='word_1_69' title='bbox 1595 1337 1596 1416; x_wconf 39' lang='lat' dir='ltr'>p</span> 
     </span>
     <span class='ocr_line' id='line_1_10' title="bbox 393 1387 1534 1476; baseline -0.011 -16"><span class='ocrx_word' id='word_1_70' title='bbox 393 1387 1523 1476; x_wconf 75' lang='lat' dir='ltr'>nomineteiusqueadexemplumetnarrationes⁴letprosopopoeias</span> <span class='ocrx_word' id='word_1_71' title='bbox 1514 1388 1534 1463; x_wconf 94' lang='grc'><strong>)</strong></span> 
     </span>
     <span class='ocr_line' id='line_1_11' title="bbox 393 1489 1536 1580; baseline -0.012 -18"><span class='ocrx_word' id='word_1_72' title='bbox 393 1516 584 1580; x_wconf 88' lang='lat' dir='ltr'>componere</span> <span class='ocrx_word' id='word_1_73' title='bbox 596 1495 714 1577; x_wconf 83' lang='lat' dir='ltr'>iubeat,</span> <span class='ocrx_word' id='word_1_74' title='bbox 728 1493 997 1560; x_wconf 85' lang='lat' dir='ltr'>Reitzensteinius</span> <span class='ocrx_word' id='word_1_75' title='bbox 1010 1493 1379 1576; x_wconf 77' lang='lat' dir='ltr'>praeexercitamente,</span> <span class='ocrx_word' id='word_1_76' title='bbox 1368 1511 1408 1554; x_wconf 90' lang='grc' dir='ltr'>ιτι</span> <span class='ocrx_word' id='word_1_77' title='bbox 1422 1489 1536 1572; x_wconf 90' lang='lat' dir='ltr'>quihus</span> 
     </span>
     <span class='ocr_line' id='line_1_12' title="bbox 394 1573 1596 1686; baseline -0.011 -21"><span class='ocrx_word' id='word_1_78' title='bbox 394 1603 504 1686; x_wconf 84' lang='lat' dir='ltr'>poetas</span> <span class='ocrx_word' id='word_1_79' title='bbox 527 1599 685 1682; x_wconf 82' lang='lat' dir='ltr'>elegiacos</span> <span class='ocrx_word' id='word_1_80' title='bbox 704 1598 866 1662; x_wconf 86' lang='lat' dir='ltr'>Romanos</span> <span class='ocrx_word' id='word_1_81' title='bbox 885 1597 1006 1662; x_wconf 87' lang='lat' dir='ltr'>versari</span> <span class='ocrx_word' id='word_1_82' title='bbox 1025 1596 1129 1660; x_wconf 89' lang='lat' dir='ltr'>solere</span> <span class='ocrx_word' id='word_1_83' title='bbox 1146 1594 1297 1678; x_wconf 69' lang='lat' dir='ltr'>vidimus</span> <span class='ocrx_word' id='word_1_84' title='bbox 1322 1613 1432 1678; x_wconf 86' lang='lat' dir='ltr'>saepe</span> <span class='ocrx_word' id='word_1_85' title='bbox 1456 1593 1535 1656; x_wconf 88' lang='lat' dir='ltr'>inter</span> <span class='ocrx_word' id='word_1_86' title='bbox 1595 1573 1596 1646; x_wconf 87' lang='lat' dir='ltr'>l</span> 
     </span>
     <span class='ocr_line' id='line_1_13' title="bbox 394 1697 1596 1788; baseline -0.012 -18"><span class='ocrx_word' id='word_1_87' title='bbox 394 1704 514 1788; x_wconf 86' lang='lat' dir='ltr'>elegias</span> <span class='ocrx_word' id='word_1_88' title='bbox 545 1705 577 1768; x_wconf 89' lang='lat' dir='ltr'>et</span> <span class='ocrx_word' id='word_1_89' title='bbox 608 1700 822 1766; x_wconf 87' lang='lat' dir='ltr'>comoedias</span> <span class='ocrx_word' id='word_1_90' title='bbox 814 1707 863 1763; x_wconf 87' lang='lat' dir='ltr'>mt</span> <span class='ocrx_word' id='word_1_91' title='bbox 850 1697 1087 1781; x_wconf 85' lang='lat' dir='ltr'>tercedere,t</span> <span class='ocrx_word' id='word_1_92' title='bbox 1054 1701 1087 1763; x_wconf 90' lang='lat' dir='ltr'>et</span> <span class='ocrx_word' id='word_1_93' title='bbox 1115 1697 1287 1779; x_wconf 82' lang='lat' dir='ltr'>Tibullum,</span> <span class='ocrx_word' id='word_1_94' title='bbox 1322 1697 1533 1781; x_wconf 82' lang='lat' dir='ltr'>Propertium</span> <span class='ocrx_word' id='word_1_95' title='bbox 1595 1735 1596 1779; x_wconf 73' lang='grc'><strong>,</strong></span> 
     </span>
     <span class='ocr_line' id='line_1_14' title="bbox 394 1801 1533 1888; baseline -0.011 -17"><span class='ocrx_word' id='word_1_96' title='bbox 394 1806 547 1871; x_wconf 90' lang='lat' dir='ltr'>Ovidium</span> <span class='ocrx_word' id='word_1_97' title='bbox 570 1802 784 1869; x_wconf 87' lang='lat' dir='ltr'>comoedias</span> <span class='ocrx_word' id='word_1_98' title='bbox 775 1821 862 1888; x_wconf 80' lang='lat' dir='ltr'>ipsas</span> <span class='ocrx_word' id='word_1_99' title='bbox 886 1809 940 1867; x_wconf 90' lang='lat' dir='ltr'>aut</span> <span class='ocrx_word' id='word_1_100' title='bbox 963 1801 1129 1866; x_wconf 90' lang='lat' dir='ltr'>rhetorum</span> <span class='ocrx_word' id='word_1_101' title='bbox 1153 1802 1425 1882; x_wconf 62' lang='lat' dir='ltr'>exercitationes</span> <span class='ocrx_word' id='word_1_102' title='bbox 1457 1817 1533 1881; x_wconf 90' lang='lat' dir='ltr'>quae</span> 
     </span>
     <span class='ocr_line' id='line_1_15' title="bbox 394 1907 1533 1994; baseline -0.007 -18"><span class='ocrx_word' id='word_1_103' title='bbox 394 1913 433 1976; x_wconf 90' lang='lat' dir='ltr'>ab</span> <span class='ocrx_word' id='word_1_104' title='bbox 446 1912 510 1975; x_wconf 88' lang='lat' dir='ltr'>illis</span> <span class='ocrx_word' id='word_1_105' title='bbox 522 1909 640 1975; x_wconf 78' lang='lat' dir='ltr'>fabulis</span> <span class='ocrx_word' id='word_1_106' title='bbox 652 1909 839 1994; x_wconf 86' lang='lat' dir='ltr'>penderent,</span> <span class='ocrx_word' id='word_1_107' title='bbox 856 1909 1067 1991; x_wconf 83' lang='lat' dir='ltr'>exscripsisse</span> <span class='ocrx_word' id='word_1_108' title='bbox 1078 1909 1176 1990; x_wconf 83' lang='lat' dir='ltr'>putat</span> <span class='ocrx_word' id='word_1_109' title='bbox 1201 1907 1335 1984; x_wconf 80' lang='lat' dir='ltr'>Quae</span> <span class='ocrx_word' id='word_1_110' title='bbox 1307 1927 1338 1972; x_wconf 78' lang='grc' dir='ltr'>ει</span> <span class='ocrx_word' id='word_1_111' title='bbox 1353 1927 1440 1973; x_wconf 83' lang='lat' dir='ltr'>vera</span> <span class='ocrx_word' id='word_1_112' title='bbox 1456 1907 1533 1981; x_wconf 81' lang='lat' dir='ltr'>sunt,</span> 
     </span>
    </p>
   </div>
   <div class='ocr_carea' id='block_1_3' title="bbox 394 2020 608 2033">
    <p class='ocr_par' dir='ltr' id='par_1_3' title="bbox 394 2020 608 2033">
     <span class='ocr_line' id='line_1_16' title="bbox 394 2020 608 2033; baseline -0.019 0"><span class='ocrx_word' id='word_1_113' title='bbox 394 2020 608 2033; x_wconf 81' lang='lat'><strong>——--—·</strong></span> 
     </span>
    </p>
   </div>
   <div class='ocr_carea' id='block_1_4' title="bbox 395 2068 1596 2565">
    <p class='ocr_par' dir='ltr' id='par_1_4' title="bbox 395 2027 1596 2565">
     <span class='ocr_line' id='line_1_17' title="bbox 488 2068 904 2141; baseline -0.006 -16.936"><span class='ocrx_word' id='word_1_114' title='bbox 488 2069 755 2141; x_wconf 84' lang='lat' dir='ltr'>)Re1tzenste1nl</span> <span class='ocrx_word' id='word_1_115' title='bbox 770 2069 786 2122; x_wconf 95' lang='lat' dir='ltr'>l.</span> <span class='ocrx_word' id='word_1_116' title='bbox 806 2085 832 2138; x_wconf 93' lang='lat' dir='ltr'>p</span> <span class='ocrx_word' id='word_1_117' title='bbox 845 2068 904 2122; x_wconf 88' lang='grc'>164</span> 
     </span>
     <span class='ocr_line' id='line_1_18' title="bbox 486 2148 1531 2226; baseline -0.008 -16.915"><span class='ocrx_word' id='word_1_118' title='bbox 486 2156 565 2226; x_wconf 89' lang='lat' dir='ltr'>¹)De</span> <span class='ocrx_word' id='word_1_119' title='bbox 592 2156 646 2210; x_wconf 87' lang='lat' dir='ltr'>hoc</span> <span class='ocrx_word' id='word_1_120' title='bbox 673 2152 962 2223; x_wconf 82' lang='lat' dir='ltr'>praeexercitamento</span> <span class='ocrx_word' id='word_1_121' title='bbox 994 2151 1116 2206; x_wconf 89' lang='lat' dir='ltr'>Theonis</span> <span class='ocrx_word' id='word_1_122' title='bbox 1144 2168 1205 2222; x_wconf 85' lang='lat' dir='ltr'>cap.</span> <span class='ocrx_word' id='word_1_123' title='bbox 1226 2152 1286 2207; x_wconf 89' lang='lat' dir='ltr'>Xlll</span> <span class='ocrx_word' id='word_1_124' title='bbox 1322 2154 1421 2223; x_wconf 79' lang='lat' dir='ltr'>(Walz</span> <span class='ocrx_word' id='word_1_125' title='bbox 1450 2153 1467 2206; x_wconf 94' lang='lat' dir='ltr'>l.</span> <span class='ocrx_word' id='word_1_126' title='bbox 1484 2149 1499 2204; x_wconf 94' lang='lat' dir='ltr'>l.</span> <span class='ocrx_word' id='word_1_127' title='bbox 1521 2148 1531 2201; x_wconf 97' lang='lat' dir='ltr'>l</span> 
     </span>
     <span class='ocr_line' id='line_1_19' title="bbox 395 2133 1596 2325; baseline -0.01 -26"><span class='ocrx_word' id='word_1_128' title='bbox 395 2243 564 2316; x_wconf 65' lang='lat' dir='ltr'>pssddsqq,</span> <span class='ocrx_word' id='word_1_129' title='bbox 585 2241 707 2312; x_wconf 80' lang='lat' dir='ltr'>Spengel</span> <span class='ocrx_word' id='word_1_130' title='bbox 725 2240 773 2294; x_wconf 92' lang='lat' dir='ltr'>l..l</span> <span class='ocrx_word' id='word_1_131' title='bbox 794 2237 1093 2308; x_wconf 80' lang='lat' dir='ltr'>llp128sqq.)agit</span> <span class='ocrx_word' id='word_1_132' title='bbox 1593 2133 1596 2325; x_wconf 64' lang='lat' dir='ltr'>l</span> 
     </span>
     <span class='ocr_line' id='line_1_20' title="bbox 486 2323 1531 2398; baseline -0.008 -15.915"><span class='ocrx_word' id='word_1_133' title='bbox 486 2329 604 2398; x_wconf 85' lang='lat' dir='ltr'>³)Walz</span> <span class='ocrx_word' id='word_1_134' title='bbox 624 2328 669 2382; x_wconf 93' lang='lat' dir='ltr'>l..l</span> <span class='ocrx_word' id='word_1_135' title='bbox 690 2327 745 2396; x_wconf 88' lang='lat' dir='ltr'>lp.</span> <span class='ocrx_word' id='word_1_136' title='bbox 761 2327 821 2394; x_wconf 88' lang='grc'>158,</span> <span class='ocrx_word' id='word_1_137' title='bbox 839 2325 990 2395; x_wconf 87' lang='lat' dir='ltr'>Spengell.</span> <span class='ocrx_word' id='word_1_138' title='bbox 1001 2327 1018 2380; x_wconf 97' lang='lat' dir='ltr'>l.</span> <span class='ocrx_word' id='word_1_139' title='bbox 1032 2325 1056 2379; x_wconf 95' lang='lat' dir='ltr'>ll</span> <span class='ocrx_word' id='word_1_140' title='bbox 1074 2341 1099 2394; x_wconf 93' lang='lat' dir='ltr'>p.</span> <span class='ocrx_word' id='word_1_141' title='bbox 1111 2325 1158 2379; x_wconf 79' lang='lat'>65:</span> <span class='ocrx_word' id='word_1_142' title='bbox 1177 2323 1305 2389; x_wconf 82' lang='grc' dir='ltr'>Πρῶτον</span> <span class='ocrx_word' id='word_1_143' title='bbox 1321 2325 1376 2387; x_wconf 79' lang='grc' dir='ltr'>μὲν</span> <span class='ocrx_word' id='word_1_144' title='bbox 1396 2323 1531 2376; x_wconf 77' lang='grc' dir='ltr'>ἁπάντων</span> 
     </span>
     <span class='ocr_line' id='line_1_21' title="bbox 395 2406 1529 2482; baseline -0.008 -14"><span class='ocrx_word' id='word_1_145' title='bbox 395 2416 451 2482; x_wconf 82' lang='grc' dir='ltr'>χρὴ</span> <span class='ocrx_word' id='word_1_146' title='bbox 462 2417 513 2468; x_wconf 87' lang='grc' dir='ltr'>τὸν</span> <span class='ocrx_word' id='word_1_147' title='bbox 524 2413 691 2467; x_wconf 79' lang='grc' dir='ltr'>διδαεκαλον</span> <span class='ocrx_word' id='word_1_148' title='bbox 704 2411 820 2464; x_wconf 81' lang='grc' dir='ltr'>ἑκάετου</span> <span class='ocrx_word' id='word_1_149' title='bbox 830 2411 1028 2475; x_wconf 80' lang='grc' dir='ltr'>γυμναεματοι</span> <span class='ocrx_word' id='word_1_150' title='bbox 1037 2409 1068 2462; x_wconf 76' lang='lat' dir='ltr'>sir</span> <span class='ocrx_word' id='word_1_151' title='bbox 1080 2411 1183 2476; x_wconf 79' lang='grc' dir='ltr'>ἔχοντα</span> <span class='ocrx_word' id='word_1_152' title='bbox 1193 2406 1418 2474; x_wconf 79' lang='grc' dir='ltr'>παραδείγματα</span> <span class='ocrx_word' id='word_1_153' title='bbox 1431 2407 1463 2460; x_wconf 81' lang='grc' dir='ltr'>ἐκ</span> <span class='ocrx_word' id='word_1_154' title='bbox 1476 2409 1529 2459; x_wconf 77' lang='grc' dir='ltr'>τῶν</span> 
     </span>
     <span class='ocr_line' id='line_1_22' title="bbox 395 2442 1596 2565; baseline -0.012 -10"><span class='ocrx_word' id='word_1_155' title='bbox 395 2505 525 2554; x_wconf 85' lang='grc' dir='ltr'>παλαιων</span> <span class='ocrx_word' id='word_1_156' title='bbox 549 2497 777 2565; x_wconf 79' lang='grc' dir='ltr'>ευγγραμμάτων</span> <span class='ocrx_word' id='word_1_157' title='bbox 801 2497 1010 2561; x_wconf 79' lang='grc' dir='ltr'>ἀναλεγόμενον</span> <span class='ocrx_word' id='word_1_158' title='bbox 1032 2495 1220 2562; x_wconf 77' lang='grc' dir='ltr'>προεταττειν</span> <span class='ocrx_word' id='word_1_159' title='bbox 1241 2494 1303 2546; x_wconf 85' lang='grc' dir='ltr'>τοῑε</span> <span class='ocrx_word' id='word_1_160' title='bbox 1322 2495 1404 2548; x_wconf 82' lang='grc' dir='ltr'>νέοι(</span> <span class='ocrx_word' id='word_1_161' title='bbox 1435 2493 1528 2555; x_wconf 63' lang='lat' dir='ltr'>expov-</span> <span class='ocrx_word' id='word_1_162' title='bbox 1595 2442 1596 2523; x_wconf 76' lang='lat' dir='ltr'>l</span> 
     </span>
    </p>
   </div>
   <div class='ocr_carea' id='block_1_5' title="bbox 397 2586 1527 2740">
    <p class='ocr_par' dir='ltr' id='par_1_5' title="bbox 397 2586 1527 2740">
     <span class='ocr_line' id='line_1_23' title="bbox 397 2586 1527 2740; baseline -0.012 -14"><span class='ocrx_word' id='word_1_163' title='bbox 397 2586 509 2740; x_wconf 56' lang='lat' dir='ltr'>edm)</span> <span class='ocrx_word' id='word_1_164' title='bbox 527 2669 617 2738; x_wconf 89' lang='lat' dir='ltr'>Caput</span> <span class='ocrx_word' id='word_1_165' title='bbox 627 2668 661 2724; x_wconf 85' lang='lat' dir='ltr'>lv</span> <span class='ocrx_word' id='word_1_166' title='bbox 672 2666 791 2737; x_wconf 90' lang='lat' dir='ltr'>(Walzl</span> <span class='ocrx_word' id='word_1_167' title='bbox 800 2667 817 2721; x_wconf 91' lang='lat'>1.</span> <span class='ocrx_word' id='word_1_168' title='bbox 831 2666 881 2736; x_wconf 91' lang='lat' dir='ltr'>lp.</span> <span class='ocrx_word' id='word_1_169' title='bbox 889 2667 948 2720; x_wconf 88' lang='grc'>196</span> <span class='ocrx_word' id='word_1_170' title='bbox 959 2665 1017 2720; x_wconf 89' lang='grc'><strong>199.</strong></span> <span class='ocrx_word' id='word_1_171' title='bbox 1028 2665 1082 2719; x_wconf 84' lang='grc'>200</span> <span class='ocrx_word' id='word_1_172' title='bbox 1084 2663 1250 2734; x_wconf 89' lang='lat' dir='ltr'>,.Spengell</span> <span class='ocrx_word' id='word_1_173' title='bbox 1262 2664 1279 2717; x_wconf 99' lang='lat' dir='ltr'>l.</span> <span class='ocrx_word' id='word_1_174' title='bbox 1293 2664 1357 2733; x_wconf 94' lang='lat' dir='ltr'>le.</span> <span class='ocrx_word' id='word_1_175' title='bbox 1366 2665 1414 2720; x_wconf 84' lang='grc'>88.</span> <span class='ocrx_word' id='word_1_176' title='bbox 1426 2663 1470 2717; x_wconf 89' lang='grc'>91.</span> <span class='ocrx_word' id='word_1_177' title='bbox 1480 2659 1527 2725; x_wconf 76' lang='grc'>99)</span> 
     </span>
    </p>
   </div>
   <div class='ocr_carea' id='block_1_6' title="bbox 396 2748 1526 3343">
    <p class='ocr_par' dir='ltr' id='par_1_6' title="bbox 396 2748 1526 3082">
     <span class='ocr_line' id='line_1_24' title="bbox 486 2748 1526 2823; baseline -0.009 -14"><span class='ocrx_word' id='word_1_178' title='bbox 486 2755 579 2809; x_wconf 89' lang='lat' dir='ltr'>Primo</span> <span class='ocrx_word' id='word_1_179' title='bbox 597 2755 669 2823; x_wconf 92' lang='lat' dir='ltr'>loco,</span> <span class='ocrx_word' id='word_1_180' title='bbox 694 2768 777 2822; x_wconf 86' lang='lat' dir='ltr'>quem</span> <span class='ocrx_word' id='word_1_181' title='bbox 794 2751 1021 2818; x_wconf 84' lang='lat' dir='ltr'>memoravimus,</span> <span class='ocrx_word' id='word_1_182' title='bbox 1045 2749 1186 2819; x_wconf 88' lang='lat' dir='ltr'>quomodo</span> <span class='ocrx_word' id='word_1_183' title='bbox 1206 2749 1394 2818; x_wconf 85' lang='lat' dir='ltr'>interrogatio</span> <span class='ocrx_word' id='word_1_184' title='bbox 1420 2748 1450 2802; x_wconf 92' lang='lat' dir='ltr'>in</span> <span class='ocrx_word' id='word_1_185' title='bbox 1469 2761 1526 2800; x_wconf 81' lang='lat' dir='ltr'>ner·</span> 
     </span>
     <span class='ocr_line' id='line_1_25' title="bbox 396 2831 1525 2905; baseline -0.013 -9"><span class='ocrx_word' id='word_1_186' title='bbox 396 2840 486 2897; x_wconf 85' lang='lat' dir='ltr'>raudo</span> <span class='ocrx_word' id='word_1_187' title='bbox 499 2839 661 2895; x_wconf 85' lang='lat' dir='ltr'>adhibenda</span> <span class='ocrx_word' id='word_1_188' title='bbox 673 2837 717 2904; x_wconf 89' lang='lat' dir='ltr'>sit,</span> <span class='ocrx_word' id='word_1_189' title='bbox 732 2837 827 2891; x_wconf 87' lang='lat' dir='ltr'>rhetor</span> <span class='ocrx_word' id='word_1_190' title='bbox 841 2835 969 2905; x_wconf 83' lang='lat' dir='ltr'>exponit:</span> <span class='ocrx_word' id='word_1_191' title='bbox 990 2836 1081 2889; x_wconf 79' lang='grc' dir='ltr'>ἐάντε</span> <span class='ocrx_word' id='word_1_192' title='bbox 1095 2837 1149 2900; x_wconf 82' lang='grc' dir='ltr'>γὰρ</span> <span class='ocrx_word' id='word_1_193' title='bbox 1169 2835 1336 2901; x_wconf 81' lang='grc' dir='ltr'>ἐρωτῶμεν,</span> <span class='ocrx_word' id='word_1_194' title='bbox 1357 2835 1410 2888; x_wconf 81' lang='grc' dir='ltr'>ἐάν</span> <span class='ocrx_word' id='word_1_195' title='bbox 1428 2849 1460 2886; x_wconf 89' lang='grc' dir='ltr'>τε</span> <span class='ocrx_word' id='word_1_196' title='bbox 1477 2831 1525 2894; x_wconf 79' lang='grc' dir='ltr'>γὰρ</span> 
     </span>
     <span class='ocr_line' id='line_1_26' title="bbox 396 2911 1525 2991; baseline -0.008 -11"><span class='ocrx_word' id='word_1_197' title='bbox 396 2927 603 2991; x_wconf 82' lang='grc' dir='ltr'>ἐπαπορῶμεν,</span> <span class='ocrx_word' id='word_1_198' title='bbox 632 2923 726 2976; x_wconf 80' lang='grc' dir='ltr'>οὕτω(</span> <span class='ocrx_word' id='word_1_199' title='bbox 752 2920 897 2986; x_wconf 80' lang='grc' dir='ltr'>ἐξοίεομεν</span> <span class='ocrx_word' id='word_1_200' title='bbox 919 2919 1105 2991; x_wconf 79' lang='lat' dir='ltr'>[comicorum</span> <span class='ocrx_word' id='word_1_201' title='bbox 1127 2921 1282 2975; x_wconf 83' lang='lat' dir='ltr'>Atticorum</span> <span class='ocrx_word' id='word_1_202' title='bbox 1312 2920 1475 2990; x_wconf 77' lang='lat' dir='ltr'>fragmenta</span> <span class='ocrx_word' id='word_1_203' title='bbox 1495 2911 1525 2967; x_wconf 88' lang='lat' dir='ltr'>lll</span> 
     </span>
     <span class='ocr_line' id='line_1_27' title="bbox 396 3007 621 3082; baseline -0.009 -18"><span class='ocrx_word' id='word_1_204' title='bbox 396 3027 422 3082; x_wconf 89' lang='lat' dir='ltr'>p.</span> <span class='ocrx_word' id='word_1_205' title='bbox 436 3009 480 3078; x_wconf 81' lang='grc'>48,</span> <span class='ocrx_word' id='word_1_206' title='bbox 502 3008 554 3064; x_wconf 88' lang='grc'>164</span> <span class='ocrx_word' id='word_1_207' title='bbox 565 3007 621 3078; x_wconf 83' lang='lat' dir='ltr'>K.]:</span> 
     </span>
    </p>

    <p class='ocr_par' dir='ltr' id='par_1_7' title="bbox 607 3101 1303 3343">
     <span class='ocr_line' id='line_1_28' title="bbox 607 3101 1239 3172; baseline -0.009 -12"><span class='ocrx_word' id='word_1_208' title='bbox 607 3101 669 3172; x_wconf 84' lang='grc' dir='ltr'>Ἆρ’</span> <span class='ocrx_word' id='word_1_209' title='bbox 685 3104 740 3158; x_wconf 85' lang='grc' dir='ltr'>ἐετί</span> <span class='ocrx_word' id='word_1_210' title='bbox 759 3105 878 3159; x_wconf 80' lang='grc' dir='ltr'>πάντων</span> <span class='ocrx_word' id='word_1_211' title='bbox 897 3102 1040 3171; x_wconf 82' lang='grc' dir='ltr'>ἀγρυπνία</span> <span class='ocrx_word' id='word_1_212' title='bbox 1058 3102 1239 3168; x_wconf 82' lang='grc' dir='ltr'>λαλίετατον;</span> 
     </span>
     <span class='ocr_line' id='line_1_29' title="bbox 614 3187 1236 3257; baseline -0.006 -12"><span class='ocrx_word' id='word_1_213' title='bbox 614 3192 680 3257; x_wconf 82' lang='grc' dir='ltr'>Ἐμὲ</span> <span class='ocrx_word' id='word_1_214' title='bbox 697 3195 769 3255; x_wconf 77' lang='grc' dir='ltr'>γοῦν</span> <span class='ocrx_word' id='word_1_215' title='bbox 788 3191 962 3256; x_wconf 77' lang='grc' dir='ltr'>ἀνακτήεαεα</span> <span class='ocrx_word' id='word_1_216' title='bbox 981 3187 1060 3256; x_wconf 83' lang='grc' dir='ltr'>δευρὶ</span> <span class='ocrx_word' id='word_1_217' title='bbox 1079 3189 1236 3255; x_wconf 77' lang='grc' dir='ltr'>προάγεται</span> 
     </span>
     <span class='ocr_line' id='line_1_30' title="bbox 614 3271 1303 3343; baseline -0.006 -13"><span class='ocrx_word' id='word_1_218' title='bbox 614 3277 714 3330; x_wconf 88' lang='grc' dir='ltr'>Λαλεῑν</span> <span class='ocrx_word' id='word_1_219' title='bbox 734 3277 780 3329; x_wconf 84' lang='grc' dir='ltr'>ἀπ’</span> <span class='ocrx_word' id='word_1_220' title='bbox 796 3277 885 3343; x_wconf 70' lang='grc' dir='ltr'>ἀρχῆς</span> <span class='ocrx_word' id='word_1_221' title='bbox 905 3276 999 3329; x_wconf 79' lang='grc' dir='ltr'>πάντα</span> <span class='ocrx_word' id='word_1_222' title='bbox 1016 3275 1069 3328; x_wconf 86' lang='grc' dir='ltr'>τὸν</span> <span class='ocrx_word' id='word_1_223' title='bbox 1088 3275 1213 3340; x_wconf 80' lang='grc' dir='ltr'>ἐμαυτοῦ</span> <span class='ocrx_word' id='word_1_224' title='bbox 1234 3271 1303 3339; x_wconf 80' lang='grc' dir='ltr'>βίον.</span> 
     </span>
    </p>
   </div>
   <div class='ocr_carea' id='block_1_7' title="bbox 398 3365 1596 4384">
    <p class='ocr_par' dir='ltr' id='par_1_8' title="bbox 399 3365 1522 3528">
     <span class='ocr_line' id='line_1_31' title="bbox 488 3365 1522 3444; baseline -0.01 -14"><span class='ocrx_word' id='word_1_225' title='bbox 488 3377 636 3443; x_wconf 83' lang='grc' dir='ltr'>διαφέρειν</span> <span class='ocrx_word' id='word_1_226' title='bbox 659 3377 691 3429; x_wconf 84' lang='grc' dir='ltr'>δὲ</span> <span class='ocrx_word' id='word_1_227' title='bbox 710 3377 797 3444; x_wconf 85' lang='grc' dir='ltr'>δοκεῖ,</span> <span class='ocrx_word' id='word_1_228' title='bbox 821 3377 864 3429; x_wconf 86' lang='grc' dir='ltr'>δτι</span> <span class='ocrx_word' id='word_1_229' title='bbox 884 3376 899 3428; x_wconf 87' lang='grc' dir='ltr'>δ</span> <span class='ocrx_word' id='word_1_230' title='bbox 928 3375 977 3441; x_wconf 87' lang='grc' dir='ltr'>μὲν</span> <span class='ocrx_word' id='word_1_231' title='bbox 997 3375 1118 3440; x_wconf 83' lang='grc' dir='ltr'>ἐρωτῶν</span> <span class='ocrx_word' id='word_1_232' title='bbox 1137 3372 1285 3439; x_wconf 82' lang='grc' dir='ltr'>ἀπόκριειν</span> <span class='ocrx_word' id='word_1_233' title='bbox 1309 3373 1444 3439; x_wconf 84' lang='grc' dir='ltr'>ἐπιζητεῖ,</span> <span class='ocrx_word' id='word_1_234' title='bbox 1464 3371 1479 3422; x_wconf 90' lang='grc' dir='ltr'>δ</span> <span class='ocrx_word' id='word_1_235' title='bbox 1497 3365 1522 3420; x_wconf 78' lang='grc' dir='ltr'>δέ</span> 
     </span>
     <span class='ocr_line' id='line_1_32' title="bbox 399 3459 1300 3528; baseline -0.008 -11"><span class='ocrx_word' id='word_1_236' title='bbox 399 3464 557 3528; x_wconf 80' lang='grc' dir='ltr'>ἐπαπορῶν</span> <span class='ocrx_word' id='word_1_237' title='bbox 576 3463 611 3515; x_wconf 84' lang='grc' dir='ltr'>οὐ</span> <span class='ocrx_word' id='word_1_238' title='bbox 630 3461 755 3528; x_wconf 71' lang='grc' dir='ltr'>πάντως,</span> <span class='ocrx_word' id='word_1_239' title='bbox 776 3461 847 3514; x_wconf 79' lang='grc' dir='ltr'>ἀλλὰ</span> <span class='ocrx_word' id='word_1_240' title='bbox 867 3461 957 3527; x_wconf 85' lang='grc' dir='ltr'>μόνον</span> <span class='ocrx_word' id='word_1_241' title='bbox 976 3461 1049 3526; x_wconf 78' lang='grc' dir='ltr'>πρὸ(</span> <span class='ocrx_word' id='word_1_242' title='bbox 1069 3461 1171 3512; x_wconf 81' lang='grc' dir='ltr'>ἑαυτὸν</span> <span class='ocrx_word' id='word_1_243' title='bbox 1191 3459 1300 3523; x_wconf 81' lang='grc' dir='ltr'>ἀπορεῖ.</span> 
     </span>
    </p>

    <p class='ocr_par' dir='ltr' id='par_1_9' title="bbox 398 3541 1596 3788">
     <span class='ocr_line' id='line_1_33' title="bbox 489 3541 1522 3616; baseline -0.004 -14"><span class='ocrx_word' id='word_1_244' title='bbox 489 3546 665 3616; x_wconf 87' lang='lat' dir='ltr'>Propertium</span> <span class='ocrx_word' id='word_1_245' title='bbox 683 3547 736 3601; x_wconf 91' lang='lat' dir='ltr'>hoc</span> <span class='ocrx_word' id='word_1_246' title='bbox 755 3546 904 3600; x_wconf 83' lang='lat' dir='ltr'>artificium</span> <span class='ocrx_word' id='word_1_247' title='bbox 923 3545 1062 3600; x_wconf 88' lang='lat' dir='ltr'>imitatum</span> <span class='ocrx_word' id='word_1_248' title='bbox 1081 3559 1143 3598; x_wconf 85' lang='lat' dir='ltr'>esse</span> <span class='ocrx_word' id='word_1_249' title='bbox 1161 3542 1251 3611; x_wconf 87' lang='lat' dir='ltr'>elegia</span> <span class='ocrx_word' id='word_1_250' title='bbox 1269 3541 1339 3596; x_wconf 86' lang='lat'><em>1116</em></span> <span class='ocrx_word' id='word_1_251' title='bbox 1359 3541 1453 3610; x_wconf 79' lang='lat' dir='ltr'>docet,</span> <span class='ocrx_word' id='word_1_252' title='bbox 1474 3549 1522 3607; x_wconf 66' lang='grc' dir='ltr'>γαί</span> 
     </span>
     <span class='ocr_line' id='line_1_34' title="bbox 398 3625 1596 3702; baseline -0.013 -14"><span class='ocrx_word' id='word_1_253' title='bbox 398 3634 594 3702; x_wconf 78' lang='lat' dir='ltr'>argumentum</span> <span class='ocrx_word' id='word_1_254' title='bbox 618 3646 636 3685; x_wconf 84' lang='lat' dir='ltr'>a</span> <span class='ocrx_word' id='word_1_255' title='bbox 660 3629 814 3684; x_wconf 87' lang='lat' dir='ltr'>comoediis</span> <span class='ocrx_word' id='word_1_256' title='bbox 838 3635 980 3699; x_wconf 87' lang='lat' dir='ltr'>sumptum</span> <span class='ocrx_word' id='word_1_257' title='bbox 1004 3627 1079 3698; x_wconf 88' lang='lat' dir='ltr'>(vide</span> <span class='ocrx_word' id='word_1_258' title='bbox 1098 3643 1184 3697; x_wconf 88' lang='lat' dir='ltr'>supra</span> <span class='ocrx_word' id='word_1_259' title='bbox 1203 3643 1228 3696; x_wconf 92' lang='lat' dir='ltr'>p.</span> <span class='ocrx_word' id='word_1_260' title='bbox 1243 3626 1271 3694; x_wconf 89' lang='lat'>3)</span> <span class='ocrx_word' id='word_1_261' title='bbox 1295 3625 1407 3682; x_wconf 80' lang='lat' dir='ltr'>forma</span> <span class='ocrx_word' id='word_1_262' title='bbox 1430 3627 1522 3680; x_wconf 89' lang='lat' dir='ltr'>inter·</span> <span class='ocrx_word' id='word_1_263' title='bbox 1595 3686 1596 3695; x_wconf 9' lang='grc' dir='ltr'>χ</span> 
     </span>
     <span class='ocr_line' id='line_1_35' title="bbox 400 3711 1379 3788; baseline -0.008 -16"><span class='ocrx_word' id='word_1_264' title='bbox 400 3716 592 3788; x_wconf 83' lang='lat' dir='ltr'>rogationis</span> <span class='ocrx_word' id='word_1_265' title='bbox 611 3731 693 3770; x_wconf 85' lang='lat' dir='ltr'>usus</span> <span class='ocrx_word' id='word_1_266' title='bbox 712 3719 796 3784; x_wconf 86' lang='lat' dir='ltr'>poeta</span> <span class='ocrx_word' id='word_1_267' title='bbox 815 3718 916 3770; x_wconf 87' lang='lat' dir='ltr'>tractat</span> <span class='ocrx_word' id='word_1_268' title='bbox 936 3712 1138 3782; x_wconf 82' lang='lat' dir='ltr'>(Reitzenstein</span> <span class='ocrx_word' id='word_1_269' title='bbox 1157 3713 1175 3766; x_wconf 94' lang='lat' dir='ltr'>l.</span> <span class='ocrx_word' id='word_1_270' title='bbox 1188 3713 1205 3766; x_wconf 95' lang='lat' dir='ltr'>l.</span> <span class='ocrx_word' id='word_1_271' title='bbox 1227 3711 1288 3768; x_wconf 87' lang='grc'>158.</span> <span class='ocrx_word' id='word_1_272' title='bbox 1308 3711 1379 3776; x_wconf 87' lang='grc'><strong>159).</strong></span> 
     </span>
    </p>

    <p class='ocr_par' dir='ltr' id='par_1_10' title="bbox 399 3795 1521 4384">
     <span class='ocr_line' id='line_1_36' title="bbox 491 3795 1521 3876; baseline -0.007 -16"><span class='ocrx_word' id='word_1_273' title='bbox 491 3795 1521 3876; x_wconf 78' lang='lat' dir='ltr'>⁵)cl.Theoniscnp·.X(Walzl.1.1p235sq,spenge11111p.115sq):</span> 
     </span>
     <span class='ocr_line' id='line_1_37' title="bbox 399 3881 1521 3960; baseline -0.011 -15"><span class='ocrx_word' id='word_1_274' title='bbox 399 3889 854 3960; x_wconf 78' lang='grc' dir='ltr'>προεωποποιίαέττῑπροτώπου</span> <span class='ocrx_word' id='word_1_275' title='bbox 865 3889 1064 3956; x_wconf 80' lang='grc' dir='ltr'>παρειταγωγτ)</span> <span class='ocrx_word' id='word_1_276' title='bbox 1080 3887 1275 3951; x_wconf 86' lang='grc' dir='ltr'>διατιθεμένου</span> <span class='ocrx_word' id='word_1_277' title='bbox 1286 3886 1392 3950; x_wconf 83' lang='grc' dir='ltr'>λόγου(</span> <span class='ocrx_word' id='word_1_278' title='bbox 1411 3881 1521 3940; x_wconf 71' lang='grc' dir='ltr'>οἰκείου(</span> 
     </span>
     <span class='ocr_line' id='line_1_38' title="bbox 399 3965 1521 4046; baseline -0.006 -15"><span class='ocrx_word' id='word_1_279' title='bbox 399 3979 493 4046; x_wconf 80' lang='grc' dir='ltr'>ἑαυτῷ</span> <span class='ocrx_word' id='word_1_280' title='bbox 517 3991 549 4031; x_wconf 90' lang='grc' dir='ltr'>τε</span> <span class='ocrx_word' id='word_1_281' title='bbox 573 3975 618 4030; x_wconf 84' lang='grc' dir='ltr'>καὶ</span> <span class='ocrx_word' id='word_1_282' title='bbox 640 3978 701 4029; x_wconf 82' lang='grc' dir='ltr'>τοῑε</span> <span class='ocrx_word' id='word_1_283' title='bbox 723 3975 920 4039; x_wconf 81' lang='grc' dir='ltr'>ὑποκειμένοιε</span> <span class='ocrx_word' id='word_1_284' title='bbox 942 3975 1102 4041; x_wconf 78' lang='grc' dir='ltr'>πράγμαειν</span> <span class='ocrx_word' id='word_1_285' title='bbox 1126 3971 1449 4039; x_wconf 44' lang='grc' dir='ltr'>ἀναμφιεβητήτωεη</span> <span class='ocrx_word' id='word_1_286' title='bbox 1467 3965 1521 4022; x_wconf 68' lang='grc' dir='ltr'>,οἳ</span> 
     </span>
     <span class='ocr_line' id='line_1_39' title="bbox 400 4009 1521 4132; baseline -0.011 -14"><span class='ocrx_word' id='word_1_287' title='bbox 400 4079 461 4132; x_wconf 90' lang='lat' dir='ltr'>cap.</span> <span class='ocrx_word' id='word_1_288' title='bbox 475 4061 499 4116; x_wconf 96' lang='lat' dir='ltr'>ll</span> <span class='ocrx_word' id='word_1_289' title='bbox 516 4061 603 4131; x_wconf 87' lang='lat' dir='ltr'>(Walz</span> <span class='ocrx_word' id='word_1_290' title='bbox 622 4061 640 4115; x_wconf 93' lang='lat' dir='ltr'>l.</span> <span class='ocrx_word' id='word_1_291' title='bbox 654 4061 671 4115; x_wconf 93' lang='lat' dir='ltr'>l</span> <span class='ocrx_word' id='word_1_292' title='bbox 689 4061 700 4115; x_wconf 99' lang='lat' dir='ltr'>l</span> <span class='ocrx_word' id='word_1_293' title='bbox 718 4077 744 4129; x_wconf 95' lang='lat' dir='ltr'>p</span> <span class='ocrx_word' id='word_1_294' title='bbox 760 4061 820 4126; x_wconf 90' lang='grc'><strong>164,</strong></span> <span class='ocrx_word' id='word_1_295' title='bbox 839 4060 960 4129; x_wconf 87' lang='lat' dir='ltr'>Spengel</span> <span class='ocrx_word' id='word_1_296' title='bbox 979 4060 996 4113; x_wconf 99' lang='lat' dir='ltr'>l</span> <span class='ocrx_word' id='word_1_297' title='bbox 1010 4059 1028 4113; x_wconf 94' lang='lat' dir='ltr'>l.</span> <span class='ocrx_word' id='word_1_298' title='bbox 1047 4059 1070 4112; x_wconf 97' lang='lat' dir='ltr'>ll</span> <span class='ocrx_word' id='word_1_299' title='bbox 1088 4075 1114 4126; x_wconf 95' lang='lat' dir='ltr'>p</span> <span class='ocrx_word' id='word_1_300' title='bbox 1128 4057 1184 4126; x_wconf 85' lang='lat'>68):</span> <span class='ocrx_word' id='word_1_301' title='bbox 1204 4055 1445 4124; x_wconf 78' lang='lat' dir='ltr'>npormnonorlcc</span> <span class='ocrx_word' id='word_1_302' title='bbox 1462 4009 1521 4108; x_wconf 67' lang='lat' dir='ltr'>led</span> 
     </span>
     <span class='ocr_line' id='line_1_40' title="bbox 401 4133 1519 4214; baseline -0.005 -13"><span class='ocrx_word' id='word_1_303' title='bbox 401 4149 444 4214; x_wconf 73' lang='grc' dir='ltr'>εἴη</span> <span class='ocrx_word' id='word_1_304' title='bbox 462 4147 643 4213; x_wconf 76' lang='grc' dir='ltr'>παράδειγμα</span> <span class='ocrx_word' id='word_1_305' title='bbox 659 4147 774 4198; x_wconf 74' lang='grc' dir='ltr'>κάλλιον</span> <span class='ocrx_word' id='word_1_306' title='bbox 792 4149 844 4212; x_wconf 76' lang='grc' dir='ltr'>τῆ(</span> <span class='ocrx_word' id='word_1_307' title='bbox 857 4145 987 4211; x_wconf 86' lang='grc' dir='ltr'>Ομήρου</span> <span class='ocrx_word' id='word_1_308' title='bbox 1003 4144 1145 4210; x_wconf 72' lang='lat' dir='ltr'>rotheem(</span> <span class='ocrx_word' id='word_1_309' title='bbox 1164 4141 1209 4196; x_wconf 84' lang='grc' dir='ltr'>καὶ</span> <span class='ocrx_word' id='word_1_310' title='bbox 1227 4146 1287 4195; x_wconf 83' lang='grc' dir='ltr'>τῶν</span> <span class='ocrx_word' id='word_1_311' title='bbox 1306 4141 1469 4196; x_wconf 69' lang='grc' dir='ltr'>Πλάτωνος</span> <span class='ocrx_word' id='word_1_312' title='bbox 1484 4133 1519 4189; x_wconf 74' lang='grc' dir='ltr'>καὶ</span> 
     </span>
     <span class='ocr_line' id='line_1_41' title="bbox 400 4227 1520 4298; baseline -0.01 -12"><span class='ocrx_word' id='word_1_313' title='bbox 400 4237 461 4286; x_wconf 83' lang='grc' dir='ltr'>τῶν</span> <span class='ocrx_word' id='word_1_314' title='bbox 480 4233 575 4285; x_wconf 79' lang='grc' dir='ltr'>ἄλλων</span> <span class='ocrx_word' id='word_1_315' title='bbox 593 4236 654 4284; x_wconf 80' lang='grc' dir='ltr'>τῶν</span> <span class='ocrx_word' id='word_1_316' title='bbox 673 4233 864 4298; x_wconf 84' lang='grc' dir='ltr'>Σωκρατικῶν</span> <span class='ocrx_word' id='word_1_317' title='bbox 890 4229 1033 4294; x_wconf 82' lang='grc' dir='ltr'>διαλόγων</span> <span class='ocrx_word' id='word_1_318' title='bbox 1058 4227 1102 4282; x_wconf 84' lang='grc' dir='ltr'>καὶ</span> <span class='ocrx_word' id='word_1_319' title='bbox 1127 4231 1188 4281; x_wconf 80' lang='grc' dir='ltr'>των</span> <span class='ocrx_word' id='word_1_320' title='bbox 1215 4227 1426 4293; x_wconf 73' lang='grc' dir='ltr'>Μενάνδρου</span> <span class='ocrx_word' id='word_1_321' title='bbox 1453 4230 1520 4292; x_wconf 90' lang='grc' dir='ltr'>δρα·</span> 
     </span>
     <span class='ocr_line' id='line_1_42' title="bbox 403 4317 586 4384; baseline -0.005 -13"><span class='ocrx_word' id='word_1_322' title='bbox 403 4317 530 4384; x_wconf 79' lang='grc' dir='ltr'>μάτων;</span> <span class='ocrx_word' id='word_1_323' title='bbox 549 4345 586 4357; x_wconf 89' lang='grc'>-</span> 
     </span>
    </p>
   </div>
   <div class='ocr_carea' id='block_1_8' title="bbox 0 0 1635 4910">
    <p class='ocr_par' dir='ltr' id='par_1_11' title="bbox 0 0 1635 4910">
     <span class='ocr_line' id='line_1_43' title="bbox 0 0 1635 4910; baseline 0 0"><span class='ocrx_word' id='word_1_324' title='bbox 0 0 1635 4910; x_wconf 95' lang='lat' dir='ltr'> </span> 
     </span>
    </p>
   </div>
  </div>
 </body>
</html>
