3406 4786
192 335 340 406 Epistulae
352 334 508 391 amatoriae
522 336 663 406 quomodo
677 336 848 393 cohaereant
861 353 926 394 cum
936 336 1034 407 elegiis
1047 335 1253 393 Alexandrinis.
1283 332 1325 395 89

304 506 392 572 Huic
415 510 452 572 tu
475 505 649 573 candentes
672 528 784 573 umero
809 527 954 593 suppone
979 508 1124 591 lacertos,

362 611 410 678 Et
431 631 564 696 regum
587 632 743 696 magnae
768 611 1037 696 despiciantur
1060 631 1159 697 opes

196 738 346 803 conferas
367 757 441 802 cum
462 737 660 803 Aristaeneti
677 737 815 822 epistula
830 738 846 802 Ι
860 740 910 820 18,
937 758 1002 820 qua
1017 739 1171 802 meretrix
1187 739 1328 822 alteram,

196 861 281 926 quae
304 839 382 905 solis
408 840 558 904 formosis
581 844 614 906 et
640 840 813 906 iuvenibus
837 841 1042 924 obsequatur,
1065 841 1191 906 laudat:
1217 843 1329 923 Ὑπερ·

197 947 392 1022 ευδαιμονεῑε
422 943 527 1023 ἔρωτα
550 945 727 1024 φιλόκαλον
754 944 931 1024 εὐτυχοῡεα
961 948 1010 1010 καὶ
1040 947 1147 1024 μηδενὶ
1174 947 1261 1025 παρὰ
1291 947 1327 1011 τὸ

196 1048 324 1127 ἥδιετον
348 1047 543 1111 δουλεύοντα
564 1045 709 1130 πλούτῳ.
733 1047 781 1114 ἀεὶ
804 1051 886 1123 γοῦν
908 1052 989 1113 τοί(
1016 1048 1056 1114 ἐν
1083 1050 1207 1133 ἡλικίᾳ
1233 1069 1330 1128 προε-

196 1151 328 1232 τρὲχειε,
352 1148 405 1214 olo
427 1152 589 1214 ποθεινοί(
608 1150 749 1227 ἐρατταίε
768 1152 952 1228 τυνήδεεθαι
976 1154 1165 1234 βουλομένη,
1189 1154 1239 1215 καὶ
1261 1155 1329 1217 τοῑε

197 1252 407 1331 ἀκμάζουει
430 1253 545 1332 χαίρει(
568 1255 617 1317 καὶ
640 1255 845 1333 μειρακίοιε
871 1254 1150 1334 ὡραίῑομίνοιε
1174 1255 1330 1338 εὐφραίνῃ

197 1358 340 1423 ευνοῡτα
368 1404 430 1419 ...
461 1355 535 1420 roric
560 1359 596 1420 δὲ
621 1357 797 1434 πρεεβύταε
820 1361 983 1423 παντελῶε
1007 1357 1149 1436 ἀτερπεῖς
1174 1360 1224 1423 καὶ
1251 1359 1331 1437 πόρ-

198 1464 306 1540 ρωθεν
324 1458 524 1539 ἀποφεύγειε,
544 1455 612 1522 κᾶν
632 1479 686 1523 irc
709 1460 832 1538 γέρων
851 1461 1030 1545 προτείνῃ
1049 1460 1243 1526 Ταντάλου
1268 1467 1332 1539 θη-

198 1563 364 1641 (αυρούε
388 1583 415 1624 κ.
430 1582 455 1625 τ.
474 1562 497 1626 ἕ.
527 1562 635 1644 Atque
660 1561 722 1626 hoc
745 1564 832 1626 recte
848 1562 1004 1627 Wilhelm
1027 1562 1253 1629 animadvertit
1276 1584 1332 1648 op·

198 1665 305 1749 posita
335 1664 415 1728 haec
442 1683 511 1728 esse
539 1663 684 1727 lanarum
714 1667 894 1748 praeceptis
927 1666 1053 1749 artique
1088 1667 1290 1732 meretriciae
1300 1669 1332 1750 ¹).

197 1767 348 1832 Fortasse
368 1765 485 1831 addere
508 1767 611 1850 possis
630 1767 737 1849 aliqua
755 1769 878 1832 ratione
902 1768 982 1833 haec
1001 1789 1075 1834 cum
1094 1768 1260 1834 comoedia
1280 1789 1333 1834 co-

200 1870 343 1952 haerere,
360 1889 442 1952 quae
458 1889 523 1934 non
540 1870 645 1934 solum
660 1871 787 1954 saepius
802 1871 919 1936 uvales
936 1870 1021 1956 apud
1037 1874 1223 1937 meretrices
1239 1891 1333 1938 senes

201 1973 280 2042 tacit
297 1977 463 2055 iuvenum,
487 1972 545 2038 sed
563 1973 726 2038 interdum
743 1976 841 2038 etiam
856 1974 1003 2039 lanarum
1019 1977 1198 2059 praeceptis
1216 1975 1334 2059 probos

199 2095 366 2142 sermones
382 2076 563 2161 puellarum
576 2077 716 2161 opponit,
732 2075 766 2139 id
783 2077 867 2160 quod
886 2077 969 2161 apud
987 2077 1138 2142 Plautum
1155 2078 1189 2141 in
1204 2078 1334 2143 Mostel-

200 2180 281 2245 laria
304 2179 356 2243 13
380 2179 517 2262 legimus
540 2182 616 2263 (quo
637 2180 707 2244 loco
732 2180 967 2264 Philematium,
991 2200 1184 2264 quamquam
1208 2181 1335 2265 Scapha

201 2303 287 2366 eam,
316 2287 353 2348 ut
379 2285 564 2349 meretrices
591 2284 700 2348 iacere
725 2284 838 2366 solent,
862 2303 970 2348 amore
993 2283 1168 2348 multorum
1192 2286 1334 2349 virorum

202 2389 251 2451 uti
274 2386 373 2469 iubet,
398 2406 432 2451 se
456 2387 634 2451 Philolachi
658 2406 785 2470 semper
808 2386 907 2450 fidam
931 2405 1060 2450 manere
1079 2385 1162 2450 velle
1182 2389 1334 2471 exponit).

201 2490 271 2575 Ipsi
290 2493 397 2555 autem
417 2491 640 2556 Aristaenetus
659 2493 691 2554 et
712 2490 858 2555 Tibullus
878 2489 958 2555 adeo
978 2489 1105 2554 diversa
1125 2493 1263 2556 tractant
1285 2512 1336 2555 ar·

200 2596 365 2678 gumenta,
388 2600 425 2658 ut
449 2593 488 2658 de
508 2594 672 2658 communi
696 2613 808 2658 eorum
826 2594 915 2658 fonte
936 2593 1086 2676 equidem
1105 2614 1170 2658 nou
1190 2594 1335 2679 cogitem,

202 2695 325 2761 nedum
349 2696 485 2779 elegiam
507 2698 637 2779 utrique
661 2702 734 2761 ante
758 2697 869 2761 oculos
894 2697 1014 2760 versari
1038 2696 1151 2760 dicam.

294 2804 490 2887 Priusquam
518 2804 557 2868 de
585 2804 777 2887 cognatione
805 2804 1043 2868 comoediarum
1072 2810 1104 2867 et
1127 2804 1337 2888 epistularum

202 2906 431 2971 amatoriarum
462 2925 556 2991 agere
588 2906 790 2989 desistamus,
823 2907 862 2971 de
888 2926 1024 2991 persona
1052 2907 1197 2986 magistri
1226 2926 1337 2971 rerum

203 3009 433 3074 amatoriarum
457 3009 598 3074 breviter
620 3009 826 3074 disseramus.
852 3010 953 3087 Quam
974 3009 1085 3094 elegiis
1107 3008 1338 3074 Alexandrinis

205 3110 318 3176 deberi
336 3111 402 3177 Leo
428 3119 461 3176 et
480 3112 677 3196 Bur-gerasa)
697 3111 912 3188 contendunt3
938 3131 1076 3194 quarum
1094 3115 1242 3175 auctores
1264 3110 1337 3176 loco

204 3214 362 3298 lanarum,
382 3234 464 3298 quae
488 3216 522 3278 in
542 3213 716 3279 comoediis
735 3215 921 3280 meretrices
938 3220 1039 3278 artem
1057 3233 1149 3278 suam
1169 3213 1338 3296 docebant,

205 3337 243 3382 se
265 3319 352 3402 ipsos
376 3327 486 3401 poetas
509 3318 563 3382 vel
586 3319 664 3382 alias
683 3337 845 3401 personae,
869 3323 906 3382 ut
924 3317 1001 3382 deos
1021 3316 1282 3382 adulescentibus
1307 3324 1339 3383 et

208 3423 326 3506 puellis
345 3423 481 3487 consilia
500 3421 622 3495 dantes,
640 3421 810 3485 induxisse
827 3421 888 3484 viri
908 3419 994 3485 docti
1012 3423 1134 3503 putant.
1161 3420 1340 3485 Conierunt

208 3528 316 3590 autem
335 3525 532 3589 Aristaeneti
552 3525 721 3609 epistulam
740 3524 757 3587 Ι
776 3525 805 3605 4,
829 3543 894 3606 qua
911 3523 1100 3587 adulescens
1122 3541 1232 3587 rerum
1255 3542 1340 3586 ama·

206 3630 365 3693 toriarum
376 3628 500 3710 peritus
513 3628 700 3711 magistrum
713 3627 853 3710 imperiti
869 3644 904 3690 se
920 3625 1086 3709 praebeat:
1110 3627 1145 3690 cb
1162 3629 1197 3690 δὲ
1213 3626 1339 3690 τούτων

208 3732 337 3812 ἄπειρος
354 3733 406 3797 ἔτι.
431 3732 500 3797 ἀλλ’
520 3734 599 3797 ἕπου
616 3734 666 3796 καί
685 3732 826 3811 μάνθανε
841 3731 891 3794 καὶ
907 3729 1152 3794 ευνοπὸλαυεον
1173 3728 1339 3812 ἐρωτικῷ

299 3894 323 3964 ι)
342 3893 422 3963 Quod
447 3892 595 3947 confirmat
620 3892 762 3947 Luciacus
791 3890 834 3959 (cl.
856 3889 964 3959 Dialog.
982 3888 1120 3944 Meretric.
1148 3888 1194 3943 vll
1216 3888 1257 3957 2),
1285 3904 1341 3958 quo

208 3979 273 4035 loco
291 3983 383 4033 mater
399 3978 482 4045 tiliae,
502 3995 574 4047 quae
593 3993 689 4032 amore
708 3976 845 4046 pulchri
864 3980 897 4029 et
915 3973 1079 4044 pauperis
1103 3971 1341 4028 adulescentis

208 4065 384 4120 inflammata
402 4064 448 4132 sit,
468 4069 598 4119 accurate
618 4062 733 4129 exponit
752 4063 805 4117 hoc
826 4062 920 4115 lacere
939 4075 997 4114 non
1015 4059 1196 4114 meretricum
1214 4075 1286 4114 esse.

302 4155 322 4224 ¹)
340 4153 405 4221 Leo,
425 4153 831 4221 PlautinischeForschungen
848 4149 957 4221 p.132;
976 4149 1093 4218 Bdrger‚
1114 4149 1153 4204 De
1167 4148 1261 4204 Ovidii
1280 4165 1342 4205 car·

209 4240 319 4295 minum
342 4244 427 4295 amat.
446 4239 610 4295 inventione
630 4243 658 4294 et
676 4243 737 4292 arte
762 4255 787 4306 p.
800 4236 852 4291 118
866 4252 935 4306 sqq.;
955 4235 1020 4289 vide
1039 4251 1125 4304 supra
1144 4251 1169 4304 p.
1184 4236 1251 4305 bsq.
