2940 4792
176 105 301 175 Sprachl.
316 106 567 173 Untersuchungen
580 123 614 159 zu
628 105 819 175 Theophrasts
833 107 927 161 boten.
942 108 1090 163 Schriften.
1156 101 1192 163 9]

57 278 129 340 vn
161 279 235 358 ],6
268 279 411 358 διαφέρει
444 281 479 341 δὲ
512 279 592 356 πρὸς
623 279 660 341 τὸ
684 282 809 358 ἶθάττον
840 281 889 343 καὶ
922 282 1119 359 βραδύτερον
1150 284 1199 347 καὶ

58 381 80 457 ἡ
113 384 183 444 τῶν
213 383 399 458 ςπερμάτων
430 381 616 459 παλαιότης·
640 382 853 460 προβρέχουςι
883 384 964 461 πρὸς
996 385 1032 447 τὸ
1064 388 1198 460 θάττον;

63 483 98 546 0.
117 484 150 546 II
169 486 232 565 6,1
259 488 385 560 ςημεῑον
408 487 445 547 τὸ
470 486 645 561 γλυκύτερα
670 488 734 548 τοῖς
764 489 901 563 ψυχροῖς
928 485 1126 565 ἀρδευάμενα
1149 491 1199 551 καὶ

61 589 191 664 λάχανα
210 589 259 650 καὶ
279 586 382 664 nilne:
404 586 436 650 C.
453 587 501 649 ΙΠ
524 589 574 667 14,
595 588 613 649 2
631 589 666 650 ἐν
684 591 773 651 δυοῖν
793 586 829 650 ἐν
847 590 950 652 ποίαις
971 591 1082 654 έκαςτα
1102 592 1199 670 ὥραις

61 693 130 765 δεῖς
157 690 190 753 C.
204 690 250 752 VI
267 691 333 768 8,4
359 691 442 768 εἴπερ
467 688 580 767 ἀληθὲς
605 692 623 766 ἢ
648 688 757 754 ἁπλῶς
781 693 799 767 ἢ
824 690 868 755 ὡς
892 696 998 770 βραχεῖ
1020 714 1077 757 τινι
1100 696 1199 759 πλέον

61 792 160 872 (doeh
186 793 270 856 wohl
293 792 464 874 verderbt).

157 895 222 959 Des
248 895 416 978 Pertizip
446 895 543 959 fehlt
572 916 634 958 nur
663 896 695 958 (λ
713 897 758 958 IV
783 899 865 976 12‚7
898 898 997 974 μόνος
1022 901 1081 977 γάρ
1112 904 1199 965 δοκεῖ

63 999 272 1076 μεταβάλλων
291 1002 349 1076 τήν
373 1000 474 1077 χρόαν
496 1001 530 1062 ἐκ
555 1003 671 1063 λευκοῦ
698 1002 791 1077 μέλας
814 999 965 1081 (τιθωίίοίι
990 1003 1197 1083 γιγνόμενος).

157 1102 234 1164 Ιαά.
256 1103 330 1165 und
354 1102 422 1165 Inf.
443 1102 550 1166 fehlen
574 1102 779 1186 gleichzeitig
798 1103 813 1165 I
831 1105 881 1184 10,
900 1107 918 1165 δ
937 1109 1043 1185 τροιρή
1064 1108 1114 1169 διὰ
1132 1110 1197 1170 τῶν

62 1207 195 1284 φλέβων
221 1206 339 1283 ὁμοίως
363 1207 554 1285 ἀμφοτέρως
576 1207 631 1287 (sc.
647 1209 802 1288 γίγνεται),
828 1208 861 1270 ἐκ
886 1210 1024 1286 θατέρου
1049 1209 1078 1271 δ’
1095 1209 1138 1272 εἰς
1161 1211 1197 1272 τὸ

66 1310 201 1387 θάτερον
226 1314 281 1391 (se.
297 1311 463 1388 γίγνεςθαι)
487 1310 546 1373 οὐκ
566 1308 717 1390 εὔλογον,
742 1312 803 1374 wie
819 1311 865 1373 IV
885 1313 967 1392 13,5
991 1315 1026 1391 (s.
1046 1312 1075 1376 S.
1091 1314 1152 1391 90).

156 1412 326 1476 Weitere
349 1411 508 1475 Fermen
532 1412 619 1474 sind
638 1432 706 1476 eus
726 1413 892 1476 anderen
913 1415 1199 1498 verhergehenf

67 1513 136 1578 den
153 1536 199 1578 zu
216 1521 403 1597 ergennen
414 1519 455 1594 ¹):
476 1515 507 1578 II
522 1518 550 1595 5,
564 1517 584 1577 4
597 1517 751 1590 γίγνεςθαι
768 1518 806 1594 δή
823 1536 897 1594 φαςι
910 1519 959 1580 καὶ
971 1520 1084 1582 καλλίω
1097 1523 1198 1583 ταῦτα

66 1619 102 1680 τά
113 1620 202 1698 φυτά
214 1620 300 1696 μέχρι
313 1617 352 1681 οὗ
365 1617 510 1701 άνῇνέα·
524 1619 723 1696 παραπληςία
736 1621 860 1683 καὶτῶν
871 1619 1029 1701 ἀμπέλων,
1043 1620 1121 1685 ὅταν
1134 1623 1197 1686 ἀπὸ

66 1725 122 1786 τοῦ
138 1723 301 1786 παττάλου
321 1724 375 1802 (se.
392 1722 619 1802 γίγνωνταιλῖλς
638 1720 684 1783 VI
701 1723 765 1801 3,7
787 1723 919 1796 γίγνεται
939 1725 975 1786 δὲ
994 1726 1063 1802 περὶ
1080 1726 1198 1802 Συρίαν

64 1827 113 1890 καὶ
127 1826 188 1890 οὐκ
200 1827 233 1888 ἐν
248 1828 387 1909 Κυρήνῃ·
405 1829 478 1905 φαςὶ
490 1828 525 1908 (s,
539 1826 568 1889 S.
584 1828 624 1889 90
638 1847 664 1888 α.
679 1826 725 1904 Ε.)
738 1829 774 1888 δέ
788 1828 836 1889 καὶ
850 1827 884 1889 ἐν
896 1831 941 1908 τῷ
948 1827 1116 1910 Παρναςίῳ
1131 1827 1197 1907 ὄρει

62 1931 204 2006 πολλήν,
231 1928 263 1992 Ο.
280 1929 312 1991 ΙΙ
332 1931 416 2010 14,1
444 1929 571 2007 ἄμεινον
594 1931 654 2006 γάρ
679 1931 718 2006 δὴ
743 1932 840 1993 τοῦτο
865 1933 959 2007 διχῶς
984 1931 1002 2006 ἢ
1031 1931 1196 2007 πρόςθεςίν

59 2053 132 2096 τινα
147 2031 311 2111 λαμβάνον
331 2035 350 2109 ἢ
370 2032 567 2111 ἀφαιρέςεως
593 2034 731 2108 θατέρου
754 2033 939 2110 γιγνάμενης
964 2034 1018 2110 (sc.
1035 2034 1195 2113 γίγνεται);

61 2136 95 2198 C.
112 2134 163 2197 HI
182 2136 232 2216 10,
249 2136 268 2196 2
288 2139 412 2213 τροφῆς
433 2138 469 2198 δὲ
486 2137 636 2199 πλείονος
658 2138 707 2199 καὶ
727 2137 886 2214 βελτίονος
906 2138 1093 2214 γιγνομένης
1118 2137 1196 2199 αὐτὸ

59 2239 98 2301 τὸ
125 2241 264 2315 δένδρον
288 2238 410 2302 εὐθενεῑ
433 2239 482 2299 καὶ
506 2238 535 2300 οἱ
558 2240 672 2315 καρποὶ
696 2239 843 2301 καλλίους
865 2228 920 2318 (se.
937 2242 1125 2319 γίγνονται).

155 2340 217 2404 Die
240 2340 356 2405 letzten
381 2340 468 2404 Fene
492 2340 573 2404 wird
598 2361 673 2405 man
696 2332 852 2425 n'ehtiger
874 2341 921 2405 als

504 2479 763 2604 Brachylogie

64 2651 263 2715 bezeichnen
279 2657 419 2714 miissen.
445 2651 558 2715 Dieser
573 2650 705 2715 bedient
720 2651 789 2714 sich
803 2652 886 2714 aueh
899 2656 988 2721 senst
999 2650 1198 2734 Theophrest

65 2754 99 2816 in
111 2753 364 2836 ausgedehntem
377 2754 485 2834 Masse3
503 2754 571 2816 ihm
584 2754 704 2817 kommt
716 2773 750 2818 es
763 2775 822 2817 vor
838 2754 932 2818 ellem
945 2755 1002 2818 auf
1019 2757 1196 2837 pregnante

66 2855 173 2920 Kiirne
190 2877 239 2919 an.
266 2857 312 2920 Er
329 2857 506 2922 vermeidet
518 2855 815 2939 Wiederholungen
832 2855 1000 2921 derselben
1016 2857 1196 2937 Predikete

66 2957 165 3022 selbst
182 2977 277 3021 wenn
301 2958 448 3022 mehrere
468 2957 758 3041 Zwisehenglieder
780 2959 832 3023 die
851 2958 941 3023 Sene
965 2961 1110 3040 trennen,
1135 2958 1196 3021 wie

68 3061 98 3125 C.
115 3062 131 3124 Ι
149 3064 177 3142 7,
195 3064 214 3124 5
233 3063 380 3140 τοιαύτην
399 3062 508 3144 ἀρχήν,
527 3064 545 3140 ἣ
566 3065 691 3126 κινεῖται
709 3068 746 3144 τῇ
762 3065 821 3126 τοῦ
842 3061 938 3140 ἀέρος
958 3062 1022 3140 ἅμα
1040 3066 1195 3143 μεταβολῇ

67 3168 114 3229 καὶ
130 3163 304 3229 ἀλλοιώςει.
329 3167 509 3243 θαυμαςτὸν
526 3168 562 3229 δὲ
578 3167 626 3229 καὶ
642 3168 679 3229 τὸ
696 3168 751 3242 τῆς
772 3164 873 3243 ὥρας·
896 3165 1010 3242 οὐγὰρ
1027 3163 1196 3245 ἀνιεμένης,

67 3267 143 3331 ἀλλὰ
173 3272 295 3345 μάλλον
324 3267 533 3347 ἐπιτεινούςης
562 3270 617 3346 (se.
640 3269 776 3345 κινεῖται)
801 3285 877 3330 usw.
917 3266 1099 3331 Besonders
1127 3267 1196 3330 euf-

67 3369 156 3454 fellig
179 3372 223 3433 ist
244 3371 277 3434 Π
298 3372 332 3450 ί,
354 3373 373 3434 2
401 3374 482 3450 πρὸς
506 3374 604 3436 τὸτὰ
628 3370 740 3449 ὄςπρια
768 3374 808 3449 μή
832 3375 987 3446 γίγνεςθαι
1018 3372 1196 3450 ἀτεράμονα

66 3471 301 3538 ...κελεύουςιν
311 3474 345 3538 έν
356 3476 452 3557 νίτρῳ
464 3525 470 3538 .
482 3525 488 3537 .
500 3526 506 3538 .
520 3476 654 3551 ςπείρειν
665 3524 671 3536 .
683 3524 689 3536 .
700 3494 716 3537 .’
729 3473 861 3555 φακούς,
873 3475 951 3539 ὥςτε
964 3474 1084 3553 ἁδροὺς
1097 3476 1196 3550 γίγνε-

68 3581 142 3657 ςθαι,
159 3575 348 3656 φυτεύουςιν
367 3577 401 3640 ἐν
422 3581 551 3660 βολίτιμ·
572 3578 646 3641 τοὺς
666 3576 849 3655 ἐρεβίνθους
869 3579 913 3656 δέ,
934 3577 1012 3640 ὥςτε
1032 3577 1195 3658 μεγάλους,

160 3737 178 3805 ¹)
196 3736 280 3791 Siehe
293 3737 507 3792 Kiihner-Gerth
520 3740 550 3805 11,
568 3739 594 3793 S.
608 3740 700 3806 5651.;
721 3739 782 3792 hier
794 3738 859 3793 sind
873 3738 976 3807 Jedoch
989 3755 1043 3793 nur
1056 3738 1196 3808 Beispiele

67 3821 109 3875 ίάτ
123 3821 168 3876 die
185 3823 351 3891 Ergiinzung
368 3839 425 3876 νοα
442 3823 491 3877 Ins.
509 3824 568 3877 und
584 3823 658 3878 Part.
673 3840 725 3878 eus
744 3823 993 3879 Indikativformen
1006 3823 1195 3892 beigehracht‚

67 3907 133 3960 aber
150 3907 249 3961 heines
268 3907 313 3961 fiir
331 3907 375 3961 die
395 3908 585 3976 umgekehrte,
605 3909 657 3963 wie
677 3909 721 3963 bei
741 3909 924 3977 Theophrast.

157 4008 178 4073 ¹)
198 4006 295 4061 Leicht
314 4012 389 4061 were
410 4007 454 4060 die
473 3997 625 4078 Knderung
644 4009 673 4062 in
693 4011 751 4062 δςα.
