3096 4924
326 429 391 492 152
750 434 866 490 Victor
885 433 1029 500 Coulon,

326 629 374 674 cor
399 609 588 674 ἐξίεταεθαιά
620 645 661 652 --
690 606 769 670 Post
796 606 932 671 ἀπαυδῶ
960 607 1046 669 enim
1074 607 1167 688 aequi
1196 607 1362 689 oporteret
1392 623 1477 688 par-

327 711 460 776 ticulam
488 713 527 791 μή
560 731 636 776 eum
661 709 759 774 verbo
783 712 939 790 iunctam,
968 713 1006 773 ut
1032 711 1066 772 in
1095 709 1264 773 Aculeo
1295 708 1366 772 ἀλλ’
1384 709 1477 772 ἀπα-

326 817 452 894 γορεύω
470 817 510 894 μὴ
527 818 627 878 ποιεῖν
640 815 811 896 ἐκκληςίαν,
827 813 884 895 qu.
900 815 985 877 1072
997 815 1113 878 ταύταε
1129 813 1258 896 ἀπαυδᾷ
1275 816 1317 891 μή
1334 812 1476 876 διδόναι

326 914 389 982 ε’ὁ
413 917 555 984 Λοξίατ”.
588 916 662 980 Alia
685 915 834 999 exempla
856 917 889 979 in
909 915 1074 997 Blaydesii
1097 916 1202 979 adnot
1222 915 1263 979 ad
1287 915 1317 978 h.
1334 935 1365 978 v.
1387 935 1478 978 oon-

328 1027 419 1104 gesta
446 1021 602 1085 invenies.
637 1019 726 1096 Quae
750 1040 825 1084 eum
852 1021 897 1083 ita
924 1022 996 1099 sint,
1024 1019 1219 1100 Blaydesius
1246 1021 1296 1082 ter
1321 1019 1476 1083 ἀπαυδῶ

327 1124 362 1186 in
385 1127 529 1201 πρωυδῶ
553 1123 702 1187 correxit
736 1123 836 1186 Cuius
861 1123 1070 1186 mutationem
1089 1122 1330 1186 Herwerdanus
1356 1141 1477 1205 nuper

327 1229 361 1290 in
379 1226 474 1290 Vind.
494 1226 547 1290 Ar.
564 1247 593 1310 p.
611 1229 654 1290 90
670 1227 859 1310 repudiavit,
884 1247 958 1290 oum
977 1226 1057 1290 haee
1076 1225 1222 1290 adderet:
1248 1225 1398 1289 “Lenior
1420 1229 1477 1289 est

326 1329 510 1394 Richardsii
539 1331 725 1392 coniectura
753 1330 856 1412 primo
884 1329 955 1392 loco
980 1329 1079 1410 αὐδῶ,
1108 1327 1224 1392 deinde
1253 1327 1302 1392 bis
1328 1329 1475 1392 ἐπαυδῶ

326 1432 542 1515 reponentis”.
575 1431 639 1496 Sed
658 1451 698 1496 ne
718 1432 798 1496 haee
817 1431 947 1514 quidem
967 1432 1127 1496 sententia
1146 1435 1230 1495 stare
1249 1436 1367 1514 potest,
1389 1452 1475 1495 cum

327 1535 409 1598 illud
432 1535 472 1598 ἐπ
494 1539 624 1619 propter
647 1553 744 1599 voces
768 1536 857 1599 αὖθις
881 1537 913 1598 et
930 1538 967 1600 τὸ
986 1537 1092 1614 τρίτον
1111 1554 1393 1618 supervacaneum
1417 1537 1474 1598 sit.

331 1637 374 1702 Et
396 1638 589 1720 Blaydesius
619 1645 651 1702 et
673 1638 884 1702 Richardsius
914 1638 987 1701 falsi
1016 1643 1093 1701 sunt
1122 1638 1277 1722 particula
1308 1642 1348 1716 μή
1381 1659 1473 1721 opus

328 1759 400 1805 esse
428 1742 580 1804 arbitrati.
613 1741 758 1804 Koohins
786 1747 900 1804 contra
926 1742 1097 1805 lectionem
1126 1743 1259 1806 ἀπαυδῶ
1289 1742 1475 1808 ἐξίετατθαι

328 1845 496 1928 amplexus
528 1847 584 1924 est,
618 1864 715 1925 quam
744 1846 780 1906 in
807 1843 912 1908 adnot.
933 1845 972 1907 ad
1002 1845 1030 1908 h.
1051 1865 1078 1906 v.
1102 1843 1185 1908 bene
1216 1845 1264 1907 sic
1296 1844 1472 1908 defendit:

329 1947 425 2011 “Wie
452 1947 535 2011 naob
560 1946 615 2010 Kr.
639 1948 689 2028 67,
712 1951 761 2028 12,
785 1950 860 2011 A.3
886 1951 998 2031 gesegt
1024 1947 1153 2011 werden
1177 1948 1297 2010 kouute
1323 1947 1473 2012 ἀπαυδῶ

328 2053 368 2128 μὴ
393 2055 529 2115 ευνεῑναι
554 2050 690 2128 μύεταια
715 2055 834 2132 χοροῑε,
858 2070 893 2114 so
918 2053 962 2114 ist
984 2051 1054 2114 hier
1076 2053 1152 2114 statt
1175 2053 1216 2128 μὴ
1241 2055 1381 2114 ευνεῑναι
1409 2051 1473 2114 das

327 2152 636 2237 gleichbedeutende
660 2153 827 2217 ἐξίσταεθαι
851 2154 910 2216 mit
933 2155 1066 2218 ἀπαυδῶ
1090 2153 1312 2218 verbunden&

417 2257 455 2319 In
480 2255 647 2321 Nubium
670 2277 698 2318 v.
718 2257 781 2319 638
805 2259 944 2334 πότερον
973 2259 1044 2335 περὶ
1072 2259 1197 2334 μέτρων
1221 2261 1286 2320 κτλ.
1318 2257 1349 2318 V
1370 2258 1473 2321 scho-

327 2361 436 2442 liaque
454 2361 576 2438 πότερα
595 2359 757 2443 praebent,
777 2359 805 2422 R
823 2360 972 2439 πότερον.
1006 2361 1223 2424 Numerorum
1241 2361 1345 2444 gratia
1365 2361 1471 2424 modo

327 2464 432 2526 sonna
461 2464 608 2545 πότερον,
640 2462 735 2526 modo
767 2464 888 2542 πότερα
918 2463 1077 2527 servanda
1108 2469 1164 2528 ost
1204 2464 1250 2527 of.
1270 2465 1376 2528 Blasa.
1398 2471 1472 2529 An.

330 2565 460 2630 Bereds.
483 2567 571 2629 1111
602 2587 631 2649 p.
652 2568 712 2629 101
746 2566 786 2630 de
816 2587 878 2630 usu
908 2567 1157 2632 Demostheuioo
1188 2569 1302 2630 harum
1334 2589 1471 2632 rooum.

328 2670 563 2753 Aristophanes
583 2671 677 2733 metri
697 2689 796 2733 rausa
814 2675 879 2734 tres
897 2671 1017 2734 formas
1033 2672 1182 2752 πότερον,
1201 2671 1332 2752 πότερα,
1352 2672 1471 2752 πότερ’

330 2771 484 2836 adhibuit.
519 2772 613 2849 Quod
637 2775 675 2836 ut
699 2773 954 2856 comprobemuS,
979 2774 1152 2837 afferamus
1172 2775 1232 2836 Αν.
1250 2775 1314 2837 427
1341 2775 1471 2854 πότερα

329 2877 520 2955 μαινόμεναι
536 2879 631 2958 (omn.
650 2877 762 2958 codd),
781 2879 867 2940 1244
884 2879 957 2957 φέρ’
973 2879 1033 2941 ἴδω
1050 2880 1171 2957 πότερα
1186 2878 1302 2960 (Ruit,
1319 2879 1471 2959 πότερον

329 2981 371 3060 A)
393 2979 499 3044 Λυδὸν
523 2982 541 3057 ἢ
566 2980 685 3061 Φρύγα,
716 2979 858 3044 115203
887 2981 1007 3059 πότερα
1034 2987 1129 3063 (omn.
1150 2983 1249 3062 codd,
1278 2983 1344 3044 nini
1376 2983 1471 3064 quod

329 3082 462 3147 Rhana
491 3101 603 3146 vocem
637 3083 745 3145 omisit
769 3103 830 3147 seo.
850 3084 969 3165 Horu.)
991 3087 1050 3161 τήν
1078 3089 1303 3164 κληρουχικήν;
1335 3085 1470 3161 Quibus

329 3185 409 3248 loeis
432 3186 536 3247 sonna
563 3185 682 3263 πότερα
710 3187 855 3248 numeris
882 3187 1054 3269 flagitatur.
1092 3188 1135 3250 [is
1160 3207 1236 3252 raro
1260 3189 1350 3268 looia,
1382 3209 1469 3271 quos

328 3289 391 3351 iarn
412 3287 623 3368 enotabimus,
648 3289 729 3350 nihil
753 3291 815 3352 nisi
838 3291 979 3367 πότερον
999 3294 1136 3354 metrum
1156 3294 1290 3374 patitur:
1317 3295 1380 3357 Ar.
1402 3294 1469 3356 102

328 3391 468 3468 πότερον
492 3398 587 3471 (omn.
605 3391 708 3472 codd.)
732 3392 818 3469 ἀρνιτ
836 3395 855 3471 ἢ
874 3397 974 3472 ταῶε;
1003 3395 1065 3457 104
1084 3395 1224 3472 πότερον
1243 3397 1339 3476 (oum.
1359 3396 1468 3478 oodd.)

328 3493 391 3557 ὑπὸ
415 3493 513 3558 vocuo
529 3495 632 3570 τινόε;
657 3494 712 3558 Eo.
731 3496 773 3557 24
790 3496 928 3574 πότερον
944 3499 1038 3578 (ornn.
1058 3497 1160 3578 codd.)
1179 3499 1237 3561 οὐκ
1257 3499 1467 3578 ἐρραμὲνουε,

330 3595 388 3677 Eq.
411 3597 495 3659 1245
519 3597 656 3675 πότερον
679 3601 774 3680 (omn.
793 3597 896 3678 codd.)
915 3600 948 3662 ἐν
969 3601 1081 3683 ἀγορᾷ.
1106 3605 1294 3683 Sequuntur
1313 3603 1466 3666 nonnulli

329 3697 401 3769 loci,
433 3699 551 3781 quibus
581 3701 693 3780 πότερ’
714 3705 815 3765 metro
846 3703 1042 3785 postulatur:
1074 3705 1129 3768 Ra.
1148 3707 1233 3768 1141
1265 3705 1379 3785 πότερ’
1403 3708 1466 3770 οὖν

214 3888 219 3898 Ι
329 3801 406 3882 (ΒΑ,
422 3803 564 3881 πότερον
582 3805 642 3868 οὖν
657 3803 776 3888 Vnst),
791 3807 881 3867 1452
899 3807 1007 3884 πότερ’
1020 3809 1115 3888 (omn.
1129 3807 1232 3889 codd.)
1244 3810 1342 3874 αὐτὸ(
1359 3809 1464 3888 ηὑρετ.

330 3903 381 3968 Ls.
400 3906 464 3968 982
480 3906 589 3984 πότερ’
603 3907 654 3988 (ab
672 3907 849 3970 editoribus
862 3909 1060 3986 restitutum
1077 3911 1216 3988 πότερον
1232 3931 1315 3975 omn.
1329 3913 1464 3995 oodd.†)

329 4007 543 4086 ἀνθρωποεῆ
577 4010 759 4087 Κονῐταλαε;
789 4010 857 4072 iarn
881 4010 962 4074 duos
991 4013 1191 4095 proferamus
1215 4015 1314 4096 locos,
1343 4016 1463 4099 quibus

330 4113 487 4195 particula
501 4116 612 4177 nostra
629 4115 720 4178 initio
736 4115 852 4178 senarii
870 4114 1000 4179 iambici
1013 4117 1147 4198 legitur:
1168 4119 1248 4182 Aah.
1263 4121 1328 4183 134
1341 4121 1462 4201 πότερα

328 4217 424 4294 (οπιπ.
442 4215 545 4296 οοάἀ.)
564 4222 737 4295 πεπρᾶεθαι
757 4221 790 4280 et
808 4217 868 4281 Nb.
886 4220 950 4280 845
970 4221 1111 4298 πότερον
1129 4221 1233 4303 (codd.
1250 4228 1379 4304 praeter
1393 4223 1460 4296 RV,

331 4319 387 4398 qui
417 4319 588 4401 depravate
616 4320 726 4399 πότερ’
748 4320 788 4384 ἂν
816 4320 983 4402 praebent)
1011 4326 1194 4401 παρανοίας.
1231 4325 1268 4386 Ιιι
1298 4326 1460 4390 Aenon-1
