3308 4938
136 391 327 462 Quaestiones
336 389 543 446 Tertuliiuneue
553 389 590 444 ad
600 389 703 444 librum
712 389 856 444 Adversus
865 387 995 444 Praxean
1009 389 1189 459 pertinentes.
1227 383 1267 446 81

15 581 17 612 ³
137 563 221 645 eddi,
251 565 286 626 in
315 561 456 626 editione
484 561 582 643 igitur
606 562 729 626 minore
753 561 849 626 tacite
868 560 909 625 ud
928 560 1101 627 Oehlerum
1120 560 1217 626 rediit
1239 565 1272 626 et

14 675 17 758 t
138 667 284 752 scripsit:
303 665 407 750 ‘quasi
423 666 479 749 qui
496 671 652 730 venturus
669 666 712 730 sit
727 671 848 744 (non)
866 664 1088 748 omnipotens'.
1112 664 1270 747 Equidem

141 792 205 835 non
224 769 387 852 intellego,
407 789 466 834 cur
485 769 619 833 alterum
640 769 766 833 omittat
780 767 853 850 ‘sit'‚
873 786 947 832 cum
963 769 1091 851 egregie
1107 767 1273 852 scripserit

142 874 427 960 Engclbreohtius:
442 873 547 957 'quusi
563 873 619 956 qui
632 876 788 937 venturus
801 873 851 954 sit
867 875 958 948 <non
971 869 1038 948 sit>
1052 870 1272 954 omnipotens'.

142 977 232 1042 Haeo
256 976 339 1040 bene
363 976 593 1039 continuantur
616 975 739 1040 vorbis:
765 975 852 1040 ‘oum
876 975 908 1037 et
930 973 1020 1036 filius
1044 974 1273 1058 omnipotentis

141 1087 206 1144 tum
227 1079 431 1162 omnipotens
450 1078 500 1159 sit,
520 1097 617 1161 quom
637 1077 697 1142 dei
717 1078 829 1141 iilius
849 1076 965 1142 dens'.
998 1076 1048 1139 Ito¹
1066 1076 1182 1140 melius
1201 1096 1274 1140 sen-

143 1183 259 1248 tentiae
283 1180 345 1244 sibi
368 1179 562 1264 respondere
587 1183 665 1264 puto
685 1201 781 1264 quum
801 1179 886 1264 apud
909 1179 1162 1262 Kroymunnum.
1197 1179 1275 1244 Post

141 1284 357 1369 ‘omnipotens
382 1283 434 1348 sit’
458 1281 587 1348 codices
612 1282 677 1348 ‘dei
700 1283 801 1348 filius'
825 1283 1033 1349 inserneumt
1059 1301 1157 1346 sensu
1180 1281 1274 1366 plone

142 1407 271 1452 cessum
292 1389 324 1450 et
341 1389 428 1450 recte
449 1385 488 1449 ab
508 1386 628 1450 Ursino
648 1386 811 1450 omissum.
836 1385 955 1450 Natum
972 1385 1102 1450 videtur
1116 1385 1275 1468 glossema

145 1489 257 1556 eodem
287 1492 430 1573 tempore
461 1509 525 1570 quo
555 1488 654 1554 verbe
680 1490 715 1552 in
744 1489 813 1555 fine
841 1490 945 1574 positu
968 1488 1035 1554 ‘dei
1063 1489 1152 1554 iilius
1180 1489 1275 1554 deus'

143 1590 435 1676 corrumpebantur
457 1591 491 1654 in
515 1591 607 1656 ‘deus
632 1593 684 1657 dei
707 1592 817 1658 filius’.
