3406 4786
163 362 316 431 Epistulae
330 363 486 417 amatoriae
499 362 640 433 quomodo
654 363 827 418 cohaereant
840 378 902 418 cum
918 363 1016 433 elegiis
1026 363 1232 419 Alexandrinis.
1262 357 1304 420 39

640 1102 759 1186 Caput
782 1102 840 1166 ΠΙ.

263 1245 422 1322 Quoniam
442 1247 519 1309 satis
538 1246 726 1329 exposuisse
746 1245 901 1328 videmur,
919 1246 1030 1330 quales
1050 1246 1204 1330 epistulae
1221 1266 1305 1310 ama-

171 1350 273 1414 toriae
285 1355 359 1413 ante
372 1349 612 1434 Alciphronem,
625 1349 864 1432 Philostratum,
876 1351 1118 1415 Aristaenetum
1131 1351 1305 1433 extiterint,

170 1473 260 1517 nuuc
280 1452 320 1517 de
338 1453 389 1517 his
409 1452 567 1518 disserere
591 1457 624 1518 et
643 1455 837 1535 examinare,
861 1473 944 1536 quae
964 1454 1111 1536 cognatio
1130 1454 1216 1517 inter
1234 1453 1305 1517 illas

172 1560 204 1620 et
220 1555 328 1620 studia
344 1556 506 1620 rhetorica
517 1556 705 1637 intercedat,
721 1557 755 1619 in
768 1558 874 1620 animo
888 1557 1051 1622 habemus.
1069 1556 1232 1640 Alciphro,
1250 1558 1305 1639 qui

172 1677 269 1743 saepe
284 1658 422 1723 Luciani
439 1659 565 1739 libris1)
586 1658 823 1742 exemplaribus
838 1658 997 1739 utebatur,
1013 1660 1047 1722 in
1063 1660 1305 1743 prosopopoeiis

172 1762 353 1827 scribendis
381 1782 593 1845 magnacum
618 1762 784 1845 diligentia
810 1767 957 1826 versatus
981 1781 1197 1846 personarum,
1226 1781 1306 1844 quas

172 1865 327 1950 epistulas
350 1867 513 1933 mittentes
536 1864 627 1946 iecit,
652 1883 756 1929 mores
781 1863 1020 1929 conditionibus
1044 1884 1141 1946 quam
1164 1864 1306 1928 maxime

172 1966 394 2032 accomodavit
422 1971 454 2032 et
476 1967 723 2050 prosopopoeias
747 1967 857 2030 finitas
881 1973 913 2031 et
939 1967 1084 2030 infinitas
1109 1966 1305 2050 composuit3

172 2089 278 2152 neque
306 2070 392 2134 enim
424 2070 527 2134 solum
554 2071 742 2154 piscatoreS,
766 2070 918 2150 rusticos,
941 2071 1097 2153 parasitos
1127 2069 1305 2134 scribentes

171 2173 316 2254 induxit,
341 2173 396 2237 sed
426 2175 521 2237 etiam
549 2175 583 2236 in
612 2173 693 2236 libro
724 2178 836 2255 quarto
865 2171 1016 2238 editionis
1047 2171 1305 2255 Schepersianae,

172 2277 229 2359 qui
249 2276 403 2359 epistulas
422 2276 621 2341 meretricias
641 2277 792 2358 continet
817 2277 971 2360 epistulas
990 2277 1166 2356 hominum,
1191 2276 1247 2357 qui
1270 2293 1306 2339 re

172 2399 248 2442 vera
265 2379 403 2443 Athenis
417 2379 607 2461 floruerunt,
627 2375 756 2463 profert,
773 2379 863 2443 velut
880 2379 912 2442 Π
929 2382 957 2442 3.
974 2381 996 2442 4
1015 2379 1074 2461 (IV
1089 2381 1139 2443 18.
1154 2379 1195 2442 19
1213 2378 1306 2462 Sch),

172 2480 343 2546 Menandri
373 2489 405 2546 et
429 2481 595 2564 Glycerae,
622 2482 697 2546 130
726 2481 784 2564 (IV
806 2485 825 2546 3
850 2481 948 2564 Sch),
972 2482 1145 2547 Bacchidis
1172 2480 1213 2545 ad
1235 2481 1306 2564 Hy-

172 2583 327 2668 peridem,
350 2584 419 2648 112
443 2584 501 2666 (Ν
520 2587 557 2648 17
580 2585 672 2666 Sub),
697 2583 824 2649 Leontii
849 2583 889 2648 ad
908 2584 1060 2666 Lamiam,
1084 2584 1219 2649 aliorum
1240 2585 1307 2668 epi-

173 2689 282 2752 stulas.
315 2689 430 2770 Neque
449 2688 552 2752 solum
576 2689 610 2751 in
630 2688 881 2771 prosopopoeiis,
905 2686 962 2751 sed
987 2689 1082 2752 etiam
1101 2689 1135 2751 in
1154 2686 1305 2751 laudibus

173 2791 353 2856 scribendis
376 2791 532 2875 Alciphro
556 2798 702 2856 versatus
731 2797 792 2872 est,
821 2791 861 2854 et.
886 2790 963 2853 138
987 2789 1046 2871 (IV
1064 2792 1104 2852 11
1130 2789 1215 2869 Seli.)
1241 2790 1306 2873 epi-

173 2896 298 2974 stulam,
316 2896 410 2958 cuius
431 2898 656 2978 argumentum
672 2893 743 2957 laus
755 2891 936 2974 Bacchidis,
953 2898 1097 2956 mortuae
1118 2892 1305 2974 meretricis,

174 3001 228 3062 est.
261 2997 494 3081 Cognoscimus
510 2998 616 3080 igitur,
637 3018 734 3080 qttam
749 2999 817 3061 arte
833 2996 1040 3081 Alciphronis
1057 2996 1213 3079 epistulae
1231 3016 1305 3060 eum

173 3103 285 3184 primis
304 3102 466 3165 amatoriis
486 3102 639 3185 epistulis,
664 3121 799 3183 quarum
818 3100 998 3183 fragmenta
1017 3099 1165 3181 vidimus
1190 3100 1306 3164 cohae-

173 3212 280 3283 reant3
304 3225 379 3268 nam
396 3206 532 3284 ἐγκώμια
548 3225 723 3289 puerorum
739 3205 774 3268 in
791 3204 928 3288 epistula
943 3204 1082 3286 Lysiam,
1099 3202 1306 3267 meretricum

174 3308 207 3371 in
227 3308 426 3372 orationibus
447 3307 623 3391 Cephalum
643 3311 675 3372 et
694 3307 892 3372 Alcidamam
914 3308 1132 3391 composuisse
1152 3305 1306 3369 memoria

174 3414 273 3476 tenes.
314 3411 384 3475 Hac
412 3412 445 3474 in
469 3431 593 3475 unare
618 3412 774 3495 Alciphro
802 3432 821 3475 a
843 3410 1027 3476 rhetoribus
1055 3410 1119 3473 illis
1148 3409 1305 3490 dissentit,

175 3515 258 3597 quod
276 3520 434 3577 mortuam
448 3515 649 3578 meretricem
666 3513 850 3595 laudavit2).
875 3512 999 3597 Operae
1013 3513 1149 3577 fortasse
1165 3514 1304 3595 pretium

267 3671 286 3737 ¹)
311 3670 341 3724 H.
360 3669 449 3724 Reich
472 3669 532 3737 (De
551 3669 729 3737 Alciphronis
748 3670 891 3739 Longique
915 3669 1026 3736 aetate’,
1046 3668 1202 3737 Regimont.
1223 3666 1305 3737 1884)

172 3756 371 3824 Alciphronem
390 3755 475 3824 paulo
498 3759 563 3824 post
586 3755 750 3820 Lucienum,
774 3759 841 3809 ante
860 3755 1008 3809 Aelianum
1031 3752 1137 3807 vixisse
1156 3751 1305 3807 ostendere

173 3845 299 3895 conatur.

264 3926 286 3997 ¹)
306 3924 553 3994 Epistolographos
571 3941 656 3993 saepe
674 3925 772 3979 laudes
786 3929 960 3980 mortuorum
974 3923 1167 3992 composuisse
1186 3939 1221 3976 ex
1234 3938 1305 3977 non·

172 4012 257 4066 nullis
277 4011 404 4079 epistulis
424 4010 570 4076 Plinianis,
595 4012 672 4064 velut
694 4010 718 4063 ll
736 4010 760 4076 1,
779 4009 957 4077 intellegitur.
980 4007 1106 4073 Accedit,
1125 4006 1201 4076 quod
1220 4006 1305 4062 etiarn

173 4099 293 4150 exeunte
318 4095 486 4163 antiquitate
510 4095 556 4149 hic
586 4111 648 4149 mos
672 4095 853 4161 servabatur;
883 4095 1012 4149 civitae
1035 4092 1197 4159 llilarionis,
1220 4109 1305 4163 quam

172 4182 360 4250 Hieronymus
375 4181 497 4250 scripsit,
516 4181 677 4250 prologum:
698 4182 878 4251 ‘quamquam
899 4179 973 4234 enim
993 4182 1110 4233 sanctus
1123 4177 1305 4247 Epiphanius,

171 4267 335 4322 Salaminae
350 4267 433 4336 Cypri
453 4267 611 4336 episcopus,
631 4266 678 4337 qui
697 4282 762 4320 cum
773 4266 918 4321 Hilarione
937 4265 1087 4334 plurimum
1104 4266 1234 4317 versatus
1253 4267 1305 4329 est,
