2940 4792
289 348 332 410 64
660 349 798 417 Ludwig
816 348 1052 418 Hindenlang,

290 528 512 601 δένδρον...
536 525 646 602 ἡλίκον
673 523 733 600 ρὸα
756 522 807 585 III
832 525 882 602 18,
908 523 965 598 13;
989 523 1027 584 τὸ
1054 522 1188 599 μέγεθο(
1207 523 1300 600 ἡλίκον
1315 520 1381 584 άπιο(

289 629 336 692 IV
348 630 378 709 2,
392 630 426 704 53
439 629 541 707 πάχο(
550 631 605 705 τῆ(
616 627 698 704 ῥίζη(
712 628 822 703 ἡλίκον
834 625 957 702 καρπὸ(
968 624 1015 687 IV
1029 625 1058 705 6,
1072 628 1107 701 33
1121 627 1239 702 δένδρα
1248 624 1384 702 πεφυκέναι

290 732 411 810 μεγάλα
430 720 516 808 ἡλίκα
532 730 685 793 πλάτανοι
701 730 750 790 καὶ
765 726 894 804 αἴγειροι
910 726 958 788 IV
972 729 1002 806 7,
1019 729 1055 801 4;
1073 726 1192 806 viillige
1208 725 1386 789 Assimilsiion

289 835 346 897 τὸν
366 835 402 896 δὲ
421 834 544 911 καρπὸν
564 833 654 910 φέρει
674 830 708 893 ἐν
728 833 834 908 λοβοῑ(
853 831 961 906 ἡλίκον
980 831 1105 909 φακόν
1125 828 1176 892 III
1196 831 1244 909 17,
1262 830 1288 891 2.
1320 827 1386 891 Deeh

290 934 487 1000 unterbleibt
509 935 556 997 sie
580 933 664 997 auch
687 932 877 1010 manehmsl,
901 951 937 995 so
962 932 981 996 ὁ
1006 931 1103 1007 ὄγκο(
1126 934 1234 1010 ἡλίκον
1258 930 1387 1008 μῆλονίλί

293 1040 344 1120 10,
361 1040 395 1115 3;
417 1038 510 1116 ῥάγέ(
528 1038 600 1102 είειν
617 1037 651 1100 ἐκ
666 1037 811 1111 πλαγίων
828 1037 966 1113 μέλαιναι
981 1037 1019 1099 τὸ
1037 1037 1172 1112 μέγεθο(
1189 1037 1287 1113 ἡλίκο(
1300 1035 1388 1109 κύρμα

290 1141 341 1205 III
363 1144 413 1221 17,
434 1142 453 1203 6
475 1159 550 1203 usis.
1463 1206 1465 1216 1

381 1243 563 1326 Allgemein
584 1241 694 1306 iiblieh
714 1242 755 1304 ist
774 1242 821 1305 sie
839 1240 892 1304 bei
911 1241 996 1321 ὅεον,
1017 1261 1042 1306 π.
1064 1241 1102 1304 Β.
1118 1245 1155 1306 τὸ
1175 1242 1250 1319 ῥέον
1268 1242 1388 1314 (νλλέγειν
1464 1219 1468 1301 ί,

291 1347 368 1412 0(ον
392 1347 508 1424 κόγχην
533 1345 583 1408 IX
600 1346 629 1426 6,
647 1347 676 1408 2.

381 1448 599 1513 Fehlendes
625 1447 978 1512 Demonstrativum
1004 1467 1062 1510 vor
1085 1447 1266 1511 Relativum
1289 1445 1390 1510 besche

290 1552 324 1615 Π
341 1555 405 1634 5,1
437 1554 476 1614 τὰ
500 1555 536 1615 δὲ
559 1553 645 1631 φυτὰ
673 1553 840 1630 λαμβάνειν
869 1553 1051 1615 κελεύουειν
1080 1553 1127 1615 ιδ(
1150 1553 1287 1615 κάλλιετα
1312 1548 1391 1613 καὶίξ

292 1655 403 1733 ὁμοία(
426 1659 483 1733 γῆ(
507 1656 549 1718 εἰ(
572 1657 610 1732 ἣν
635 1656 751 1732 μέλλει(
777 1654 931 1733 φυτεύειν.

758 1881 796 1952 Β.
827 1881 961 1954 Verba.

718 2024 743 2088 I.
771 2024 995 2089 Indikativ.

380 2164 453 2228 Den
472 2184 538 2246 sog.
555 2164 764 2244 gnomisehen
781 2165 892 2228 Aorist
907 2164 1013 2229 haben
1029 2165 1106 2228 wir:
1128 2165 1207 2245 αὕτη
1226 2168 1287 2243 γὰρ
1304 2166 1405 2240 γυμνὸν

291 2270 353 2348 ἔχει
375 2270 433 2332 τὸν
453 2270 585 2349 καρπὸν,
610 2269 684 2331 eice·
703 2267 779 2332 δεον
804 2267 823 2331 ὁ
847 2270 932 2346 ἤλιο(
958 2267 1083 2351 ἐπέλθῃ,
1107 2273 1190 2347 ταχὺ
1214 2270 1410 2347 προηλλοίνκε

291 2371 325 2436 O.
342 2372 359 2435 Ι
377 2373 461 2452 17,1
488 2374 534 2451 (es
558 2377 642 2434 wire
667 2370 750 2434 wohl
779 2369 930 2453 denkbar,
954 2370 1015 2434 (1αο
1040 2371 1242 2456 Theophmst
1263 2373 1332 2436 sieh
1355 2372 1413 2433 hier

291 2475 347 2538 aui
374 2475 426 2538 ein
451 2493 513 2536 von
542 2474 610 2536 ihm
634 2473 839 2556 angestelltes
864 2473 1076 2556 Experiment
1099 2474 1247 2558 beziigeiz
1277 2476 1415 2539 πολλάκι

290 2577 575 2655 ὑπερκαρπήεαντα
586 2579 625 2639 τὰ
637 2578 755 2654 δένδρα
768 2576 938 2655 ἀφαυάνθη
952 2579 1001 2639 καὶ
1011 2576 1139 2654 μάλιστα
1148 2578 1243 2641 τοῦθ’
1253 2579 1285 2641 αἱ
1297 2578 1417 2654 ἄμπελοι

290 2680 459 2758 πάεχουον
480 2681 565 2760 (man
585 2679 720 2743 beaehte
737 2679 815 2760 hier,
843 2678 904 2742 dass
925 2680 1078 2744 πολλάκι(
1094 2679 1322 2761 ιίιιδοίειειλιὴἡ
1346 2680 1420 2745 011

293 2783 343 2863 11,
361 2783 395 2861 23
413 2785 507 2846 πάλιν
524 2782 600 2846 ὅταν
619 2783 747 2860 μέλλωα
766 2785 908 2861 (πείρειν,
924 2784 1087 2861 δπήροων
1107 2783 1141 2847 0.
1157 2784 1210 2847 III
1228 2786 1280 2865 20,
1298 2787 1336 2860 8;
1357 2789 1421 2862 ἡδὲ

290 2888 349 2948 τοῦ
372 2887 553 2962 πνεύματα(
569 2885 666 2966 φορά,
684 2885 753 2949 καθ’
775 2887 814 2948 ὃν
831 2883 871 2948 ἂν
887 2886 1012 2962 γένηται
1028 2887 1140 2966 τόπον,
1166 2887 1338 2953 ἐπέκλυεεν
1358 2887 1422 2951 οἷον

290 2987 433 3064 ποταμό(
458 3007 502 3050 τι(
526 2987 622 3068 ῥυείε,
651 2988 757 3065 ὥεπερ
782 2988 816 3050 ἐν
838 2991 903 3052 τοί(
927 2991 1057 3068 λοιμοῑε,
1080 2989 1182 3052 ἐνίοτε
1208 2990 1238 3052 δ’
1256 2990 1361 3055 οὓτω(
1385 2993 1423 3055 εί(

291 3089 414 3167 άκριβὲ(
443 3092 580 3169 διῆλθεν,
606 3090 685 3154 ὥετε
708 3096 774 3154 τῶν
799 3091 848 3154 ἐπὶ
874 3093 932 3154 τοθ
952 3090 1051 3155 αὐτοῦ
1071 3093 1233 3169 κλήματος
1249 3093 1425 3173 ὀφθαλμῶν

291 3192 320 3254 οἱ
343 3195 399 3269 μὲν
418 3191 520 3269 ὑγιεία
545 3191 575 3256 οἱ
598 3196 634 3255 δὲ
657 3194 834 3270 πεπηγὸτε(
857 3194 945 3258 είείν·
970 3195 1118 3259 πολλάκι(
1142 3200 1178 3260 δὲ
1204 3234 1248 3243 -
1272 3199 1331 3262 ἐάν
1349 3199 1424 3279 λάβῃ

289 3296 394 3372 γυμνὰ
417 3297 455 3358 τὰ
479 3294 560 3374 ἄκρα
583 3298 733 3379 κλήματα,
756 3302 855 3361 ταῦτα
880 3299 1033 3362 ἀπέκαυκε
1057 3301 1106 3362 καὶ
1130 3300 1195 3363 ἀπὸ
1215 3302 1344 3366 τούτων
1363 3306 1425 3365 δια·

291 3399 400 3460 δίδω(ι
416 3399 496 3475 πρὸ(
513 3400 568 3463 τά(
587 3398 671 3476 ῥίζα(
692 3399 724 3463 C.
738 3399 765 3460 V
783 3401 832 3481 12,
852 3402 901 3463 10.
933 3400 1008 3463 Man
1021 3401 1156 3465 beaehte
1172 3402 1248 3467 hier
1263 3405 1348 3467 auch
1365 3403 1425 3468 den

290 3498 451 3563 Weehsel.

379 3614 445 3678 Das
470 3615 629 3680 Perfekt
651 3617 732 3680 wird
756 3621 834 3682 stets
857 3619 980 3683 seinem
1008 3619 1228 3702 eigentliehen
1252 3623 1427 3688 Charakter

290 3717 541 3799 entspreehend‚
569 3719 624 3783 nie
656 3720 824 3784 eoristiseh
854 3721 1044 3804 gebraucht3
1077 3741 1112 3786 so
1144 3725 1222 3788 sehr
1252 3727 1427 3790 verbreitet

291 3819 468 3897 ὠνόμαεται
491 3821 552 3903 12,
571 3823 599 3904 5,
623 3842 673 3886 wo
693 3823 812 3887 andere
829 3825 956 3888 Attiker
972 3826 1068 3889 meist
1083 3824 1141 3889 das
1156 3826 1299 3893 Priisens
1318 3836 1425 3894 seizen

290 3934 505 3947 ——u-

384 3995 401 4061 ¹)
421 3991 494 4046 Prof.
509 3993 701 4048 Reitzenstein
714 3994 795 4049 weist
808 3996 911 4050 darauf
921 3995 978 4062 hin,
992 3995 1047 4050 (1αο
1060 3997 1089 4051 in
1103 3996 1212 4054 diesem
1227 4001 1306 4056 Falle
1319 4003 1426 4057 Seneca

289 4092 358 4145 gem
377 4077 439 4131 sein
458 4078 636 4147 gnomisches
655 4080 768 4136 Persekt
787 4082 948 4150 gemacht,
969 4089 1049 4136 sonst
1067 4084 1139 4138 aber
1158 4086 1226 4139 sehr
1246 4089 1347 4143 selten.
1378 4087 1424 4142 Mil

289 4161 353 4215 dem
372 4162 493 4232 Tempus
517 4163 566 4217 der
584 4164 808 4234 Vergangenheit
831 4166 900 4220 νήιά
923 4167 985 4220 hier
1007 4167 1053 4221 die
1073 4169 1263 4242 Beheupiung
1282 4173 1424 4242 gewissor-

289 4245 393 4301 massen
412 4248 455 4301 als
474 4247 562 4302 durch
581 4247 626 4303 die
646 4251 801 4319 Eriahrung
820 4251 963 4306 bewiesen
982 4252 1154 4322 hingesiellt.
