2872 4822
230 355 420 424 Quaestiones
439 354 555 410 criticae
574 355 604 408 in
622 355 819 425 Aristophanis
839 357 957 412 tabulas.
1099 353 1163 415 225

12 519 14 543 ³
70 525 124 589 deuo
142 526 247 609 loquar
270 528 305 590 in
328 527 446 591 Mnem.
470 526 550 590 Nor.
567 527 633 591 Ser.
654 526 745 609 XXI,
770 530 865 610 1893,
888 549 917 611 p.
931 531 997 592 444
1021 529 1160 614 Βθίολίο,

12 638 13 655 ³
69 631 105 710 qui
125 630 187 693 olim
214 632 342 710 ἐφέξων
367 633 400 712 (i.
425 650 451 695 e.
475 631 617 711 παύεων)
645 633 819 715 proposuit,
847 633 918 697 iure
943 633 1160 717 adstipulanti.

14 784 15 787 ι
68 732 174 817 Namque
201 735 283 799 haec
311 736 433 799 Reiskii
459 737 592 797 mutatio
624 736 768 798 omnium
793 737 960 800 lenissima
991 742 1024 801 et
1046 739 1160 821 proba·

11 913 12 922 ¹
67 835 180 901 biissima
208 843 257 902 est
287 858 363 901 cum
391 856 438 918 eo,
470 838 557 920 quod
586 837 849 921 palaeographice
883 840 978 904 facile
1014 840 1156 923 explica·

11 939 16 1002 l:
67 944 101 1000 tur
119 941 158 1020 (cf.
180 941 219 1004 de
243 962 288 1005 ειν
314 944 347 1003 et
370 963 418 1005 ων
444 941 632 1023 permutatis
655 960 684 1023 p.
701 943 742 1003 47
769 940 808 1003 ad
833 941 879 1004 Pl.
894 943 979 1023 328),
1014 951 1082 1005 tum
1107 963 1155 1025 eo,

67 1042 125 1121 quod
140 1043 284 1107 idoneum
303 1043 435 1126 praebet
458 1062 603 1120 sensum;
627 1044 767 1126 reposito
791 1045 877 1107 euim
898 1045 1025 1123 ἐφέξων
1050 1049 1157 1110 versui

5 1131 8 1158 ²
68 1147 173 1210 338100
196 1148 225 1211 δ’
242 1149 401 1229 ἐφέξων,
425 1147 452 1210 dr
472 1148 587 1227 μάταιε,
611 1151 710 1210 ταῦτα
734 1151 815 1224 δρᾶν
839 1168 872 1211 (ε
893 1149 1046 1229 βούλεται,
1079 1149 1160 1231 opti·

3 1253 6 1299 t
67 1266 100 1311 ιιι
112 1251 287 1333 respondere
307 1251 476 1334 sequentia
499 1249 716 1314 Philocieonis
746 1250 844 1314 verba
874 1251 942 1314 οὐκ
966 1251 1008 1332 ἐᾷ
1032 1251 1071 1331 μ’,
1096 1252 1159 1316 ὠν-

3 1344 4 1352 '
67 1353 122 1433 ipre
139 1356 263 1419 δικάζειν
287 1353 529 1418 Herwerdenus
552 1353 571 1416 1.
588 1353 608 1416 l.
632 1354 766 1416 monuit.

49 1529 51 1532 y
127 1456 156 1519 in
186 1458 295 1522 Pacis
323 1478 351 1520 v.
366 1458 431 1521 219
461 1459 564 1534 ἥξουει
592 1458 711 1537 καύθιε,
744 1457 783 1532 ἢν
807 1457 930 1535 ἔχωμεν
959 1460 1017 1534 τήν
1048 1457 1158 1523 Πύλον

68 1554 93 1631 (Β
108 1559 171 1640 hid)
184 1579 240 1643 pro
259 1560 375 1624 Πύλον
391 1559 448 1623 RV
469 1560 561 1623 πόλιν
584 1559 711 1624 hebent.
736 1559 932 1623 Scholiastae
956 1560 983 1623 R
1008 1567 1040 1623 et
1062 1561 1157 1624 lectio

69 1659 130 1723 ιιόλιν
147 1669 175 1725 et
193 1664 305 1727 Πύλον
329 1667 406 1725 nota
428 1666 503 1725 erat.
528 1662 582 1726 Sic
606 1663 690 1725 enim
712 1681 840 1726 versum
861 1662 1102 1744 interpretatur:
1123 1664 1157 1726 Si

69 1761 130 1826 ritu
151 1767 299 1848 scriptum
330 1771 388 1846 est,
416 1771 510 1848 poeta
540 1773 649 1828 monet
678 1764 948 1829 Lacedaemonios
980 1773 1156 1829 commotos

69 1865 127 1942 peris
144 1869 293 1933 desiderio
312 1869 393 1932 urbe
413 1872 506 1950 capta
523 1887 710 1932 reversuros
729 1887 807 1931 esse.
832 1867 949 1949 Neque
970 1887 1046 1931 vero
1064 1888 1156 1950 aper·

69 1968 114 2028 tum
125 1975 167 2052 est,
181 1980 289 2035 utrum
306 1971 418 2054 Sparta
434 1991 474 2033 an
491 1971 638 2034 Athenae
654 1971 888 2054 significentur.
907 2007 949 2017 -
967 1970 1023 2033 Sim
1043 1971 1155 2036 Πύλον

68 2070 256 2156 scriptumest
281 2076 392 2139 verius
416 2080 465 2137 est
487 2076 617 2158 propter
639 2077 800 2138 trecentos
824 2073 1096 2137 Lacedaemonios
1120 2077 1154 2138 et

70 2167 149 2248 Pylum
171 2179 206 2241 ab
233 2177 489 2242 Atheniensibus
518 2179 682 2240 munitam.
708 2176 857 2240 SchoiV
882 2184 918 2238 ut
948 2177 1067 2239 variam
1091 2177 1156 2241 lec·

67 2272 151 2341 ionem
166 2281 240 2345 illud
258 2282 372 2345 Πύλον
391 2287 631 2373 commemorat:
657 2280 692 2344 έν
709 2281 894 2362 ἀντιγράφω
913 2282 948 2342 δὲ
965 2278 1062 2357 εὗρόν
1078 2301 1156 2344 ποτε

68 2372 109 2451 ‘ip
125 2381 229 2461 ἔχωμεν
251 2388 311 2462 τήν
334 2384 468 2447 Πύλον”
492 2385 541 2446 καὶ
572 2383 631 2446 oin<
655 2383 784 2459 ἄκαιρος
812 2382 890 2460 αύτη
915 2384 933 2460 ἡ
958 2384 1067 2461 γραφὴ
1093 2387 1154 2447 κτλ.

66 2474 140 2565 Recte,
152 2489 264 2571 opinor,
281 2486 472 2550 Diodorfius
488 2486 618 2566 iudicat,
635 2506 707 2549 oum
726 2485 817 2548 dicit:
835 2486 958 2550 ’Πόλιν
975 2492 1031 2549 aut
1048 2506 1155 2551 errore

66 2577 150 2651 librarii
162 2594 313 2675 scriptum
328 2591 392 2653 tuit
410 2595 466 2653 aut
485 2590 723 2672 agrammatioo
742 2589 891 2671 positum,
909 2590 1045 2671 quinon
1062 2589 1155 2653 intel-

66 2680 158 2755 texisset
177 2695 255 2759 haec
278 2714 316 2759 eo
341 2700 486 2775 tempore
513 2692 599 2755 dicta
616 2692 707 2774 fingi,
731 2711 795 2773 quo
815 2691 917 2772 Pylus
937 2692 1067 2754 obsessa
1083 2694 1154 2774 qui·

68 2782 116 2851 dem
132 2794 161 2858 ab
183 2797 431 2862 Atheniensium
455 2797 556 2878 copiis
580 2796 636 2859 sed
661 2794 804 2858 nondum
829 2798 923 2876 capta
947 2799 1022 2876 erat
1047 2794 1080 2856 id
1104 2801 1154 2858 est

67 2885 149 2972 aliquot
167 2908 236 2964 ante
259 2899 402 2963 fabulam
427 2900 510 2961 hanc
529 2904 632 2961 actam
650 2896 774 2960 annis'’.
800 2895 890 2973 Quae
915 2917 990 2960 oum
1014 2897 1057 2960 ita
1081 2898 1154 2979 sint,

67 2985 209 3085 reinerius,
227 3003 428 3084 Blaydesius,
439 3002 569 3084 plurimi
588 3019 670 3064 reoo.
687 2999 757 3063 edd.
778 2998 946 3062 hindumio
959 2999 1042 3063 duce
1054 3001 1154 3082 scrip·

66 3096 136 3163 turam
153 3108 204 3182 τὴν
227 3107 343 3169 Πύλον
366 3106 438 3168 iure
469 3103 609 3186 amplexi
633 3110 716 3183 sunt,
745 3102 865 3184 quippe
889 3121 972 3183 quae
997 3109 1154 3166 vetustate

66 3203 252 3273 praelectione
271 3208 331 3271 RV
351 3211 408 3285 τήν
432 3208 527 3271 πόλιν
552 3206 803 3270 commendetur.
827 3204 975 3269 Forsitan
995 3205 1154 3287 quispiam

65 3294 147 3372 ditent
169 3311 342 3375 offensioni
373 3328 444 3373 esse
467 3328 586 3373 nomen
609 3310 717 3372 Πύλοε
741 3327 814 3371 cum
839 3307 974 3371 articulo
1000 3308 1154 3371 coniunc-

64 3401 115 3466 tum.
131 3413 175 3493 At
196 3418 420 3496 praeterquam
445 3410 531 3493 quod
555 3412 651 3475 etiam
674 3412 709 3473 in
729 3409 780 3473 Is.
796 3411 881 3472 1163
902 3412 962 3474 τὰν
978 3410 1093 3473 Πύλον
1109 3409 1154 3472 le-

62 3501 121 3579 ffl'tur
136 3520 163 3577 et
176 3515 324 3598 pluribus
343 3514 423 3578 locis
442 3513 526 3597 apud
542 3512 763 3593 Thucydidem
782 3513 894 3576 Πύλοε
912 3511 1045 3575 articulo
1063 3530 1154 3594 prae-

62 3600 130 3677 ditum
149 3619 311 3682 invenitur
334 3617 384 3699 (V,
397 3619 455 3698 7,3
476 3619 508 3680 tc
525 3621 582 3695 τήν
601 3617 721 3695 Πύλον,
741 3616 870 3696 V‚39‚3
891 3616 936 3678 ihc
954 3616 1012 3691 τήν
1032 3615 1152 3696 Πύλον,

60 3703 192 3802 iiim
212 3725 246 3786 ἐκ
264 3725 323 3800 τῆ(
341 3721 472 3802 Πύλου),
497 3739 572 3784 cum
596 3719 635 3782 de
659 3718 740 3800 Pylo
764 3718 819 3781 illa
842 3722 963 3800 agatur,
988 3735 1070 3798 quae
1089 3716 1154 3780 iilis

59 3814 214 3902 temnens
243 3828 278 3888 in
310 3825 454 3888 omnium
488 3841 543 3887 ore
572 3827 648 3903 erat,
682 3821 795 3903 quidni
828 3819 1062 3902 Aristophanes
1094 3821 1152 3896 τήν

57 3909 134 3990 Πύλον
155 3929 297 3994 diceret?
323 3926 370 3990 uf.
395 3925 430 3989 G.
451 3925 670 3990 Uckermanni
692 3923 851 3986 libellum:
877 3910 990 3986 “Uber
1009 3922 1072 3986 deu
1091 3924 1153 3985 Ar-

55 4016 106 4088 tiu
128 4030 174 4095 bei
202 4032 427 4115 Eigennamen
455 4031 489 4092 in
513 4029 577 4093 den
601 4027 780 4092 Komddien
805 4027 861 4090 des
884 4025 1152 4108 Aristophanes’',

52 4137 71 4200 P·
81 4129 123 4196 12:
145 4135 258 4201 “Steht
286 4153 324 4199 er
351 4133 429 4213 (scii.
454 4133 512 4196 der
534 4131 680 4213 Ardiaei),
705 4130 790 4193 daun
814 4131 857 4192 ist
880 4150 915 4192 er
938 4128 1150 4211 anaphorisch

53 4231 96 4295 und
117 4241 203 4303 weist
230 4239 291 4303 auf
320 4237 373 4300 die
398 4235 611 4301 Bekanntheit
634 4235 690 4299 des
715 4233 807 4297 Ortes
836 4231 913 4296 oder
937 4233 1046 4295 seiher
1069 4231 1151 4294 Ver·

85 4373 136 4432 xlm
148 4384 167 4424 ι.
993 4355 1027 4408 15
