3308 4938
358 385 401 447 76
721 390 857 460 Ludwig
876 390 1121 460 Roseumeyer.

355 563 448 628 ‘Iunc
471 564 504 626 in
529 563 735 626 monarchiae
758 563 969 643 eversionem,
993 583 1094 645 quum
1117 563 1151 625 in
1170 562 1325 626 creaturis
1344 561 1491 625 destruo

356 666 499 730 tionem?

447 767 496 832 De
516 768 646 832 nomine
665 770 720 831 vix
740 766 955 851 ambigemus:
976 788 1042 831 non
1060 767 1222 848 Proclum,
1241 766 1297 831 sed
1315 766 1491 831 Prodicum

359 873 412 936 hic
435 872 595 936 nominari
618 875 651 934 et
674 872 744 954 ipsc
766 871 982 935 Tertullianus
1005 871 1101 935 docet
1123 871 1280 954 Scorpo
1296 869 1363 934 XV
1381 870 1490 954 (Beiff.

360 971 511 1056 178ἶ29);
531 973 659 1056 ‘quodsi
678 974 741 1036 iam
761 978 840 1038 ωηο
858 973 1016 1038 Prodicus
1035 981 1092 1038 aul
1106 974 1301 1038 Valentinus
1317 972 1491 1038 adsisteret

357 1096 535 1162 suggerens
558 1097 623 1140 ηοη
648 1077 681 1138 in
706 1079 800 1141 terris
820 1096 891 1142 esse
910 1076 1131 1142 confitendum
1151 1077 1237 1160 apnd
1256 1077 1405 1141 homines
1422 1077 1491 1158 ...',

359 1182 414 1247 ubi
439 1203 513 1247 cunr
539 1181 710 1246 Valentino
734 1183 945 1246 coniunctum
968 1202 1042 1246 eum
1068 1201 1140 1246 esse
1163 1180 1263 1262 video,
1287 1183 1320 1244 et
1342 1199 1427 1262 quae
1452 1180 1492 1244 de

358 1285 487 1350 Prodici
511 1287 598 1348 secta
621 1283 825 1368 prourlenmt
846 1283 1034 1368 Hilgenfeld
1058 1287 1091 1348 in
1114 1283 1197 1347 libro
1221 1284 1278 1365 qui
1302 1283 1493 1346 inscribitur

357 1386 737 1470 ‘Ketzergeschicbtedes
745 1383 1492 1469 Urchristentums’(1884,p.552l3)etHarnaolr

358 1492 392 1554 in
412 1491 486 1554 libri
506 1491 710 1555 ‘Gescbichte
730 1490 788 1554 der
805 1490 1057 1555 altchristlichen
1075 1490 1237 1553 Literatur
1253 1488 1302 1551 bis
1318 1487 1492 1554 Eusebius’

359 1595 458 1678 partis
486 1594 608 1676 primae
635 1593 708 1674 (Die
731 1581 982 1677 Uberlieierung
1008 1593 1075 1657 und
1104 1591 1162 1655 der
1186 1589 1325 1654 Βοηωηᾶ
1354 1590 1429 1655 da.
1446 1591 1492 1672 L)

359 1699 475 1780 pagina
508 1699 580 1760 163.
616 1695 669 1760 Ad
697 1701 884 1760 contextum
915 1695 1089 1759 verborum
1116 1692 1352 1758 restituendum
1382 1697 1492 1760 accin-

358 1819 480 1884 gamur.
514 1798 755 1881 lingelbrechtii
783 1800 1002 1862 coniecturam
1027 1801 1135 1861 statim
1158 1799 1283 1861 reicere
1306 1817 1492 1881 possumne,

358 1921 432 1966 cum
457 1901 571 1986 ‘mage’
595 1902 698 1965 rarior
716 1902 759 1964 sit
775 1900 879 1963 forma
895 1937 938 1944 —
956 1900 1130 1982 praecipue
1151 1918 1188 1962 ea
1208 1901 1256 1962 usi
1277 1903 1355 1963 sunt
1374 1901 1490 1964 cornici

359 2025 518 2087 -quam
536 2009 574 2070 ut
592 2024 661 2069 eam
683 2005 868 2068 coniectura
883 2003 1004 2066 inferre
1021 2003 1192 2085 possimus.
1226 2003 1263 2065 Ιη
1284 2001 1375 2066 ’ωηο
1397 2003 1489 2067 male'

358 2113 391 2171 et
414 2107 642 2189 liroymaunus
666 2107 779 2182 haesit,
807 2108 840 2168 in
865 2105 1006 2169 editione
1036 2108 1160 2170 minore
1184 2106 1320 2169 mutarit
1343 2105 1491 2170 ordinem

358 2211 546 2275 verborum:
564 2210 582 2274 ⁸.
596 2261 622 2274 ..
643 2209 879 2293 superducitur.
896 2229 969 2272 oum
986 2209 1069 2272 alius
1085 2208 1165 2273 deus
1180 2209 1319 2274 infertur
1334 2209 1493 2274 adversus

358 2321 543 2394 creatorem,
566 2319 645 2378 ωηο
668 2313 759 2392 male,
784 2331 858 2375 oum
883 2311 915 2373 in
941 2313 1094 2376 creatoris
1120 2311 1390 2392 destruetionem3
1416 2335 1491 2378 curu

359 2417 477 2501 plures,
497 2415 677 2480 secundum
694 2415 882 2478 Valentinos
901 2417 933 2478 et
953 2413 1115 2496 ProdiooS,
1135 2419 1213 2479 ωηο
1231 2417 1266 2479 in
1286 2417 1492 2482 monarchiae

359 2519 579 2584 eversionem?
610 2518 702 2594 Quod
722 2520 846 2581 rectum
868 2535 938 2580 esse
958 2536 1022 2580 ηοη
1042 2521 1154 2599 potest,
1173 2537 1248 2582 cum
1268 2538 1340 2582 mea
1359 2518 1491 2601 quidem

359 2622 520 2686 sententia
549 2621 648 2685 verba
678 2621 772 2683 ‘tunc
802 2620 836 2682 in
868 2620 1072 2684 monarchiae
1103 2622 1318 2702 eversionem,
1350 2643 1424 2686 cum
1457 2623 1491 2685 in

359 2725 512 2787 creatoris
545 2723 813 2787 destructionem'
845 2721 934 2786 nullo
968 2722 1063 2786 modo
1097 2722 1280 2788 divellenda
1312 2727 1386 2790 sint
1427 2726 1491 2791 Sed

359 2828 488 2910 egregie
521 2825 681 2890 intellexit
712 2825 940 2906 Kroymaunus
971 2845 990 2887 a
1020 2825 1128 2889 verbis
1161 2828 1251 2890 ‘cum
1283 2828 1367 2892 alius
1398 2828 1491 2893 deus'

359 2949 474 2994 novam
491 2931 635 3012 incipere
652 2927 850 2992 sententiam.
878 2929 981 2991 Antea
995 2929 1190 3010 generaliter
1205 2935 1329 2994 tantum
1347 2930 1388 2996 de
1402 2952 1491 2996 mon·

358 3031 467 3097 archia
484 3031 637 3094 disseruit
652 3033 779 3108 auctor,
805 3031 892 3093 notio
914 3029 987 3092 ‘alia
1008 3029 1194 3095 dominatio'
1215 3053 1304 3097 nunc
1328 3036 1493 3118 excipitur

358 3134 482 3199 verbis:
500 3133 594 3197 ‘alius
611 3131 711 3214 deus’,
732 3151 832 3215 quare
848 3133 952 3195 ‘alius'
969 3133 1092 3217 (irpend
1105 3137 1156 3198 ein
1171 3137 1317 3217 οηάονον)
1335 3138 1491 3222 scriptum

357 3238 504 3322 legimus
534 3257 598 3300 nou
624 3236 741 3314 ‘alter'3
767 3235 883 3318 premit
907 3237 1015 3298 autem
1039 3236 1179 3302 maxime
1203 3238 1300 3304 verba
1323 3238 1492 3304 ‘adversus

358 3341 555 3408 creatorem'.
590 3341 738 3404 Fortasse
763 3337 859 3402 scribi
884 3341 1004 3420 potest:
1030 3336 1115 3402 ‘cum
1140 3339 1223 3404 alius
1247 3339 1328 3405 deus
1351 3343 1494 3408 infertur

357 3443 514 3508 adversus
539 3449 723 3524 creatorem,
748 3444 826 3504 tuno
849 3441 1023 3504 aemulus
1047 3443 1102 3522 (uel
1125 3444 1263 3526 aemuli),
1288 3447 1492 3530 cumplures

357 3547 536 3611 secundum
556 3547 747 3612 Valentinos
771 3554 802 3612 et
826 3546 989 3625 Prodicus,
1014 3551 1093 3609 tuno
1116 3546 1149 3608 in
1175 3547 1380 3613 monarchiae
1401 3569 1493 3615 ever·

358 3649 492 3730 sionem,
517 3655 607 3712 tunc
630 3651 663 3712 in
689 3649 841 3715 creatoris
866 3647 1138 3714 destructionem?

448 3753 503 3816 IV.
521 3751 753 3834 (eaesi-olo)
767 3752 928 3816 ‘Ceterum
945 3753 1002 3834 qui
1013 3753 1120 3816 filium
1133 3773 1197 3816 ηοη
1210 3753 1342 3818 chuade
1355 3753 1491 3836 deduco,

358 3857 413 3922 sed
436 3857 475 3922 de
494 3857 673 3920 substantia
689 3858 797 3940 patris,
817 3855 898 3920 nihil
914 3857 1088 3921 facientem
1108 3857 1179 3921 sine
1200 3858 1300 3940 patris
1317 3858 1491 3941 voluntate,

357 3981 512 4025 omuema
528 3967 616 4044 patre
627 3964 838 4025 consecutum
848 3964 1045 4043 potestatem,
1060 3959 1219 4042 quomodo
1230 3979 1361 4044 possum
1374 3961 1492 4027 deiide

358 4064 524 4128 destruere
551 4064 780 4146 monarchiam,
810 4083 906 4146 quam
930 4068 1062 4146 epatre
1089 4063 1158 4126 filio
1183 4063 1332 4128 traditam
1362 4067 1397 4128 in
1422 4065 1492 4130 iilic

359 4171 491 4234 serro‘r’
525 4169 650 4234 Haereo
675 4171 708 4232 in
738 4167 844 4232 verbis
875 4166 926 4232 ‘de
954 4165 1039 4251 fide',
1070 4165 1127 4232 sed
1151 4165 1239 4249 quod
1268 4167 1492 4250 substituatur,

359 4272 503 4334 nondum
527 4273 645 4335 inveni.
671 4269 721 4334 ‘de
740 4270 822 4332 filio’
842 4269 1025 4334 dubitanter
1042 4269 1191 4353 proponit
1208 4269 1492 4336 Reitzensteinius.
