<?xml version="1.0" encoding="UTF-8"?>
<!DOCTYPE html PUBLIC "-//W3C//DTD XHTML 1.0 Transitional//EN"
    "http://www.w3.org/TR/xhtml1/DTD/xhtml1-transitional.dtd">
<html xmlns="http://www.w3.org/1999/xhtml" xml:lang="en" lang="en">
 <head>
  <title>
</title>
<meta http-equiv="Content-Type" content="text/html;charset=utf-8" />
  <meta name='ocr-system' content='tesseract 3.04.00' />
  <meta name='ocr-capabilities' content='ocr_page ocr_carea ocr_par ocr_line ocrx_word'/>
</head>
<body>
  <div class='ocr_page' id='page_1' title='image "./dissertationesp03stragoog_0617.png"; bbox 0 0 3308 4938; ppageno 0'>
   <div class='ocr_carea' id='block_1_1' title="bbox 343 337 1104 412">
    <p class='ocr_par' dir='ltr' id='par_1_1' title="bbox 343 337 1104 412">
     <span class='ocr_line' id='line_1_1' title="bbox 343 337 1104 412; baseline -0.004 -13"><span class='ocrx_word' id='word_1_1' title='bbox 343 337 385 400; x_wconf 77' lang='lat'><strong>72</strong></span> <span class='ocrx_word' id='word_1_2' title='bbox 705 342 843 411; x_wconf 76' lang='lat' dir='ltr'><strong>Ludwig</strong></span> <span class='ocrx_word' id='word_1_3' title='bbox 860 343 1104 412; x_wconf 80' lang='lat' dir='ltr'><strong>Rosenmcver,</strong></span> 
     </span>
    </p>
   </div>
   <div class='ocr_carea' id='block_1_2' title="bbox 288 513 1484 3364">
    <p class='ocr_par' dir='ltr' id='par_1_2' title="bbox 288 513 1480 1011">
     <span class='ocr_line' id='line_1_2' title="bbox 288 513 1479 597; baseline 0.003 -21"><span class='ocrx_word' id='word_1_4' title='bbox 288 531 316 576; x_wconf 86' lang='lat' dir='ltr'><strong>ao</strong></span> <span class='ocrx_word' id='word_1_5' title='bbox 344 534 429 596; x_wconf 91' lang='lat' dir='ltr'><strong>eum,</strong></span> <span class='ocrx_word' id='word_1_6' title='bbox 446 515 540 578; x_wconf 89' lang='lat' dir='ltr'><strong>cuius</strong></span> <span class='ocrx_word' id='word_1_7' title='bbox 559 515 609 594; x_wconf 85' lang='lat' dir='ltr'><strong>sit,</strong></span> <span class='ocrx_word' id='word_1_8' title='bbox 626 517 682 577; x_wconf 87' lang='lat' dir='ltr'><strong>aut</strong></span> <span class='ocrx_word' id='word_1_9' title='bbox 698 513 806 577; x_wconf 89' lang='lat' dir='ltr'><strong>lilium</strong></span> <span class='ocrx_word' id='word_1_10' title='bbox 821 533 887 576; x_wconf 92' lang='lat' dir='ltr'><strong>non</strong></span> <span class='ocrx_word' id='word_1_11' title='bbox 906 513 1024 577; x_wconf 90' lang='lat' dir='ltr'><strong>habere</strong></span> <span class='ocrx_word' id='word_1_12' title='bbox 1040 517 1096 577; x_wconf 87' lang='lat' dir='ltr'><strong>aut</strong></span> <span class='ocrx_word' id='word_1_13' title='bbox 1110 515 1216 597; x_wconf 90' lang='lat' dir='ltr'><strong>ipsum</strong></span> <span class='ocrx_word' id='word_1_14' title='bbox 1233 533 1268 578; x_wconf 90' lang='lat' dir='ltr'><strong>sc</strong></span> <span class='ocrx_word' id='word_1_15' title='bbox 1289 514 1354 578; x_wconf 91' lang='lat' dir='ltr'><strong>sibi</strong></span> <span class='ocrx_word' id='word_1_16' title='bbox 1369 515 1479 580; x_wconf 84' lang='lat' dir='ltr'><strong>filium</strong></span> 
     </span>
     <span class='ocr_line' id='line_1_3' title="bbox 343 616 1478 699; baseline 0 -16"><span class='ocrx_word' id='word_1_17' title='bbox 343 619 461 683; x_wconf 83' lang='lat' dir='ltr'><strong>fecisse</strong></span> <span class='ocrx_word' id='word_1_18' title='bbox 481 621 537 681; x_wconf 88' lang='lat' dir='ltr'><strong>aut</strong></span> <span class='ocrx_word' id='word_1_19' title='bbox 551 617 770 681; x_wconf 81' lang='lat' dir='ltr'><strong>monarchiam</strong></span> <span class='ocrx_word' id='word_1_20' title='bbox 785 635 877 680; x_wconf 87' lang='lat' dir='ltr'><strong>suam</strong></span> <span class='ocrx_word' id='word_1_21' title='bbox 892 636 956 678; x_wconf 93' lang='lat' dir='ltr'><strong>non</strong></span> <span class='ocrx_word' id='word_1_22' title='bbox 973 635 1032 699; x_wconf 91' lang='lat' dir='ltr'><strong>per</strong></span> <span class='ocrx_word' id='word_1_23' title='bbox 1047 636 1129 698; x_wconf 91' lang='lat' dir='ltr'><strong>quos</strong></span> <span class='ocrx_word' id='word_1_24' title='bbox 1145 617 1224 680; x_wconf 89' lang='lat' dir='ltr'><strong>velit</strong></span> <span class='ocrx_word' id='word_1_25' title='bbox 1238 616 1478 683; x_wconf 87' lang='lat' dir='ltr'><strong>administrare.</strong></span> 
     </span>
     <span class='ocr_line' id='line_1_4' title="bbox 345 718 1480 803; baseline 0.001 -19"><span class='ocrx_word' id='word_1_26' title='bbox 345 722 456 803; x_wconf 81' lang='lat' dir='ltr'><strong>atquin</strong></span> <span class='ocrx_word' id='word_1_27' title='bbox 480 720 600 784; x_wconf 91' lang='lat' dir='ltr'><strong>nullam</strong></span> <span class='ocrx_word' id='word_1_28' title='bbox 625 718 698 782; x_wconf 91' lang='lat' dir='ltr'><strong>dico</strong></span> <span class='ocrx_word' id='word_1_29' title='bbox 718 719 968 783; x_wconf 82' lang='lat' dir='ltr'><strong>dominationem</strong></span> <span class='ocrx_word' id='word_1_30' title='bbox 986 721 1029 782; x_wconf 88' lang='lat' dir='ltr'><strong>ita</strong></span> <span class='ocrx_word' id='word_1_31' title='bbox 1048 719 1147 783; x_wconf 87' lang='lat' dir='ltr'><strong>unius</strong></span> <span class='ocrx_word' id='word_1_32' title='bbox 1171 721 1222 783; x_wconf 91' lang='lat' dir='ltr'><strong>sui</strong></span> <span class='ocrx_word' id='word_1_33' title='bbox 1242 739 1322 802; x_wconf 91' lang='lat' dir='ltr'><strong>esse,</strong></span> <span class='ocrx_word' id='word_1_34' title='bbox 1346 723 1392 785; x_wconf 86' lang='lat' dir='ltr'><strong>ita</strong></span> <span class='ocrx_word' id='word_1_35' title='bbox 1412 723 1480 785; x_wconf 91' lang='lat' dir='ltr'><strong>sin·</strong></span> 
     </span>
     <span class='ocr_line' id='line_1_5' title="bbox 344 823 1479 908; baseline 0.001 -21"><span class='ocrx_word' id='word_1_36' title='bbox 344 824 498 908; x_wconf 81' lang='lat' dir='ltr'><strong>gularem,</strong></span> <span class='ocrx_word' id='word_1_37' title='bbox 517 824 562 886; x_wconf 85' lang='lat' dir='ltr'><strong>ita</strong></span> <span class='ocrx_word' id='word_1_38' title='bbox 581 823 806 903; x_wconf 80' lang='lat' dir='ltr'><strong>monarchiam,</strong></span> <span class='ocrx_word' id='word_1_39' title='bbox 826 825 944 886; x_wconf 89' lang='lat' dir='ltr'><strong>utnon</strong></span> <span class='ocrx_word' id='word_1_40' title='bbox 964 823 1060 886; x_wconf 89' lang='lat' dir='ltr'><strong>etiam</strong></span> <span class='ocrx_word' id='word_1_41' title='bbox 1078 825 1122 904; x_wconf 75' lang='lat'><strong>(5)</strong></span> <span class='ocrx_word' id='word_1_42' title='bbox 1138 842 1197 906; x_wconf 91' lang='lat' dir='ltr'><strong>per</strong></span> <span class='ocrx_word' id='word_1_43' title='bbox 1211 823 1290 886; x_wconf 88' lang='lat' dir='ltr'><strong>alias</strong></span> <span class='ocrx_word' id='word_1_44' title='bbox 1309 825 1479 907; x_wconf 86' lang='lat' dir='ltr'><strong>proximas</strong></span> 
     </span>
     <span class='ocr_line' id='line_1_6' title="bbox 345 925 1478 1011; baseline -0.001 -20"><span class='ocrx_word' id='word_1_45' title='bbox 345 947 498 1011; x_wconf 81' lang='lat' dir='ltr'><strong>personas</strong></span> <span class='ocrx_word' id='word_1_46' title='bbox 523 927 773 1006; x_wconf 75' lang='lat' dir='ltr'><strong>administretur,</strong></span> <span class='ocrx_word' id='word_1_47' title='bbox 801 945 881 1007; x_wconf 88' lang='lat' dir='ltr'><strong>quas</strong></span> <span class='ocrx_word' id='word_1_48' title='bbox 905 926 974 1008; x_wconf 92' lang='lat' dir='ltr'><strong>ipsa</strong></span> <span class='ocrx_word' id='word_1_49' title='bbox 996 926 1199 1008; x_wconf 84' lang='lat' dir='ltr'><strong>prospexerit</strong></span> <span class='ocrx_word' id='word_1_50' title='bbox 1221 925 1382 991; x_wconf 83' lang='lat' dir='ltr'><strong>officiales</strong></span> <span class='ocrx_word' id='word_1_51' title='bbox 1406 927 1478 990; x_wconf 85' lang='lat' dir='ltr'><strong>sibi</strong></span> 
     </span>
    </p>

    <p class='ocr_par' dir='ltr' id='par_1_3' title="bbox 290 1028 1482 1524">
     <span class='ocr_line' id='line_1_7' title="bbox 290 1028 1479 1109; baseline 0.003 -19"><span class='ocrx_word' id='word_1_52' title='bbox 290 1046 318 1090; x_wconf 81' lang='lat' dir='ltr'><strong>aa</strong></span> <span class='ocrx_word' id='word_1_53' title='bbox 346 1031 375 1093; x_wconf 94' lang='lat' dir='ltr'><strong>si</strong></span> <span class='ocrx_word' id='word_1_54' title='bbox 399 1049 475 1094; x_wconf 91' lang='lat' dir='ltr'><strong>vero</strong></span> <span class='ocrx_word' id='word_1_55' title='bbox 499 1032 532 1093; x_wconf 91' lang='lat' dir='ltr'><strong>et</strong></span> <span class='ocrx_word' id='word_1_56' title='bbox 557 1029 648 1092; x_wconf 84' lang='lat' dir='ltr'><strong>filius</strong></span> <span class='ocrx_word' id='word_1_57' title='bbox 670 1029 770 1092; x_wconf 85' lang='lat' dir='ltr'><strong>luerit</strong></span> <span class='ocrx_word' id='word_1_58' title='bbox 797 1028 836 1109; x_wconf 94' lang='lat' dir='ltr'><strong>ei,</strong></span> <span class='ocrx_word' id='word_1_59' title='bbox 865 1028 959 1091; x_wconf 91' lang='lat' dir='ltr'><strong>cuius</strong></span> <span class='ocrx_word' id='word_1_60' title='bbox 988 1028 1174 1091; x_wconf 80' lang='lat' dir='ltr'><strong>monarchia</strong></span> <span class='ocrx_word' id='word_1_61' title='bbox 1197 1029 1249 1108; x_wconf 82' lang='lat' dir='ltr'><strong>sit,</strong></span> <span class='ocrx_word' id='word_1_62' title='bbox 1276 1049 1344 1092; x_wconf 92' lang='lat' dir='ltr'><strong>non</strong></span> <span class='ocrx_word' id='word_1_63' title='bbox 1369 1031 1479 1094; x_wconf 86' lang='lat' dir='ltr'><strong>statim</strong></span> 
     </span>
     <span class='ocr_line' id='line_1_8' title="bbox 346 1129 1479 1216; baseline 0 -20"><span class='ocrx_word' id='word_1_64' title='bbox 346 1131 446 1196; x_wconf 92' lang='lat' dir='ltr'><strong>dividi</strong></span> <span class='ocrx_word' id='word_1_65' title='bbox 477 1152 548 1196; x_wconf 90' lang='lat' dir='ltr'><strong>eam</strong></span> <span class='ocrx_word' id='word_1_66' title='bbox 572 1135 604 1196; x_wconf 92' lang='lat' dir='ltr'><strong>et</strong></span> <span class='ocrx_word' id='word_1_67' title='bbox 632 1131 850 1195; x_wconf 87' lang='lat' dir='ltr'><strong>monarchiam</strong></span> <span class='ocrx_word' id='word_1_68' title='bbox 881 1149 952 1195; x_wconf 90' lang='lat' dir='ltr'><strong>esse</strong></span> <span class='ocrx_word' id='word_1_69' title='bbox 976 1129 1133 1212; x_wconf 87' lang='lat' dir='ltr'><strong>desinere,</strong></span> <span class='ocrx_word' id='word_1_70' title='bbox 1162 1132 1190 1194; x_wconf 91' lang='lat' dir='ltr'><strong>si</strong></span> <span class='ocrx_word' id='word_1_71' title='bbox 1213 1132 1376 1216; x_wconf 87' lang='lat' dir='ltr'><strong>particeps</strong></span> <span class='ocrx_word' id='word_1_72' title='bbox 1407 1135 1479 1197; x_wconf 90' lang='lat' dir='ltr'><strong>eius</strong></span> 
     </span>
     <span class='ocr_line' id='line_1_9' title="bbox 347 1233 1481 1318; baseline 0.001 -19"><span class='ocrx_word' id='word_1_73' title='bbox 347 1234 535 1300; x_wconf 91' lang='lat' dir='ltr'><strong>adsumatur</strong></span> <span class='ocrx_word' id='word_1_74' title='bbox 557 1237 590 1298; x_wconf 91' lang='lat' dir='ltr'><strong>et</strong></span> <span class='ocrx_word' id='word_1_75' title='bbox 612 1234 710 1315; x_wconf 81' lang='lat' dir='ltr'><strong>lilius,</strong></span> <span class='ocrx_word' id='word_1_76' title='bbox 739 1233 796 1297; x_wconf 92' lang='lat' dir='ltr'><strong>sed</strong></span> <span class='ocrx_word' id='word_1_77' title='bbox 824 1233 958 1316; x_wconf 88' lang='lat' dir='ltr'><strong>proinde</strong></span> <span class='ocrx_word' id='word_1_78' title='bbox 986 1234 1074 1298; x_wconf 88' lang='lat' dir='ltr'><strong>illius</strong></span> <span class='ocrx_word' id='word_1_79' title='bbox 1104 1253 1174 1298; x_wconf 90' lang='lat' dir='ltr'><strong>esse</strong></span> <span class='ocrx_word' id='word_1_80' title='bbox 1202 1235 1437 1318; x_wconf 85' lang='lat' dir='ltr'><strong>principaliter,</strong></span> <span class='ocrx_word' id='word_1_81' title='bbox 1461 1257 1481 1300; x_wconf 90' lang='lat' dir='ltr'><strong>a</strong></span> 
     </span>
     <span class='ocr_line' id='line_1_10' title="bbox 346 1336 1479 1422; baseline -0.001 -19"><span class='ocrx_word' id='word_1_82' title='bbox 346 1359 410 1422; x_wconf 89' lang='lat' dir='ltr'><strong>quo</strong></span> <span class='ocrx_word' id='word_1_83' title='bbox 435 1338 693 1402; x_wconf 89' lang='lat' dir='ltr'><strong>communioahrr</strong></span> <span class='ocrx_word' id='word_1_84' title='bbox 715 1337 749 1400; x_wconf 93' lang='lat' dir='ltr'><strong>in</strong></span> <span class='ocrx_word' id='word_1_85' title='bbox 772 1336 888 1419; x_wconf 83' lang='lat' dir='ltr'><strong>filium,</strong></span> <span class='ocrx_word' id='word_1_86' title='bbox 912 1343 944 1400; x_wconf 89' lang='lat' dir='ltr'><strong>et</strong></span> <span class='ocrx_word' id='word_1_87' title='bbox 966 1336 1043 1400; x_wconf 91' lang='lat' dir='ltr'><strong>dum</strong></span> <span class='ocrx_word' id='word_1_88' title='bbox 1066 1337 1154 1400; x_wconf 92' lang='lat' dir='ltr'><strong>illius</strong></span> <span class='ocrx_word' id='word_1_89' title='bbox 1173 1338 1240 1420; x_wconf 84' lang='lat'><strong>(10)</strong></span> <span class='ocrx_word' id='word_1_90' title='bbox 1259 1340 1317 1418; x_wconf 86' lang='lat' dir='ltr'><strong>est,</strong></span> <span class='ocrx_word' id='word_1_91' title='bbox 1341 1339 1479 1422; x_wconf 90' lang='lat' dir='ltr'><strong>proinde</strong></span> 
     </span>
     <span class='ocr_line' id='line_1_11' title="bbox 347 1438 1482 1524; baseline 0 -20"><span class='ocrx_word' id='word_1_92' title='bbox 347 1441 565 1506; x_wconf 84' lang='lat' dir='ltr'><strong>monarchiam</strong></span> <span class='ocrx_word' id='word_1_93' title='bbox 582 1459 662 1519; x_wconf 90' lang='lat' dir='ltr'><strong>esse,</strong></span> <span class='ocrx_word' id='word_1_94' title='bbox 682 1459 764 1522; x_wconf 89' lang='lat' dir='ltr'><strong>quac</strong></span> <span class='ocrx_word' id='word_1_95' title='bbox 780 1459 799 1502; x_wconf 92' lang='lat' dir='ltr'><strong>a</strong></span> <span class='ocrx_word' id='word_1_96' title='bbox 815 1438 942 1502; x_wconf 90' lang='lat' dir='ltr'><strong>duobus</strong></span> <span class='ocrx_word' id='word_1_97' title='bbox 961 1441 1025 1503; x_wconf 86' lang='lat' dir='ltr'><strong>tarn</strong></span> <span class='ocrx_word' id='word_1_98' title='bbox 1044 1441 1145 1503; x_wconf 88' lang='lat' dir='ltr'><strong>unitis</strong></span> <span class='ocrx_word' id='word_1_99' title='bbox 1165 1441 1358 1504; x_wconf 79' lang='lat' dir='ltr'><strong>continetur.</strong></span> <span class='ocrx_word' id='word_1_100' title='bbox 1379 1442 1482 1524; x_wconf 83' lang='lat' dir='ltr'><strong>igitur</strong></span> 
     </span>
    </p>

    <p class='ocr_par' dir='ltr' id='par_1_4' title="bbox 292 1541 1482 2039">
     <span class='ocr_line' id='line_1_12' title="bbox 292 1541 1481 1625; baseline 0.003 -20"><span class='ocrx_word' id='word_1_101' title='bbox 292 1561 319 1605; x_wconf 90' lang='lat' dir='ltr'><strong>ao</strong></span> <span class='ocrx_word' id='word_1_102' title='bbox 348 1545 375 1607; x_wconf 91' lang='lat' dir='ltr'><strong>si</strong></span> <span class='ocrx_word' id='word_1_103' title='bbox 391 1547 423 1608; x_wconf 89' lang='lat' dir='ltr'><strong>ct</strong></span> <span class='ocrx_word' id='word_1_104' title='bbox 441 1543 626 1607; x_wconf 89' lang='lat' dir='ltr'><strong>monarchia</strong></span> <span class='ocrx_word' id='word_1_105' title='bbox 642 1542 752 1604; x_wconf 87' lang='lat' dir='ltr'><strong>divina</strong></span> <span class='ocrx_word' id='word_1_106' title='bbox 767 1561 825 1625; x_wconf 89' lang='lat' dir='ltr'><strong>per</strong></span> <span class='ocrx_word' id='word_1_107' title='bbox 840 1544 887 1604; x_wconf 91' lang='lat' dir='ltr'><strong>tot</strong></span> <span class='ocrx_word' id='word_1_108' title='bbox 902 1541 1044 1624; x_wconf 85' lang='lat' dir='ltr'><strong>legiones</strong></span> <span class='ocrx_word' id='word_1_109' title='bbox 1061 1545 1093 1606; x_wconf 91' lang='lat' dir='ltr'><strong>et</strong></span> <span class='ocrx_word' id='word_1_110' title='bbox 1108 1543 1272 1607; x_wconf 84' lang='lat' dir='ltr'><strong>exercitus</strong></span> <span class='ocrx_word' id='word_1_111' title='bbox 1289 1543 1481 1624; x_wconf 82' lang='lat' dir='ltr'><strong>angelorum</strong></span> 
     </span>
     <span class='ocr_line' id='line_1_13' title="bbox 348 1645 1482 1728; baseline 0.001 -17"><span class='ocrx_word' id='word_1_112' title='bbox 348 1647 598 1728; x_wconf 89' lang='lat' dir='ltr'><strong>administratur,</strong></span> <span class='ocrx_word' id='word_1_113' title='bbox 618 1647 704 1710; x_wconf 92' lang='lat' dir='ltr'><strong>sicut</strong></span> <span class='ocrx_word' id='word_1_114' title='bbox 721 1648 876 1728; x_wconf 90' lang='lat' dir='ltr'><strong>scriptum</strong></span> <span class='ocrx_word' id='word_1_115' title='bbox 896 1654 959 1709; x_wconf 90' lang='lat' dir='ltr'><strong>est:</strong></span> <span class='ocrx_word' id='word_1_116' title='bbox 984 1645 1111 1709; x_wconf 90' lang='lat' dir='ltr'><strong>milies</strong></span> <span class='ocrx_word' id='word_1_117' title='bbox 1136 1647 1289 1710; x_wconf 91' lang='lat' dir='ltr'><strong>centies</strong></span> <span class='ocrx_word' id='word_1_118' title='bbox 1314 1655 1482 1712; x_wconf 88' lang='lat' dir='ltr'><strong>centena</strong></span> 
     </span>
     <span class='ocr_line' id='line_1_14' title="bbox 348 1748 1482 1834; baseline -0.001 -19"><span class='ocrx_word' id='word_1_119' title='bbox 348 1751 458 1816; x_wconf 92' lang='lat' dir='ltr'><strong>milia</strong></span> <span class='ocrx_word' id='word_1_120' title='bbox 489 1749 731 1814; x_wconf 85' lang='lat' dir='ltr'><strong>adsistebant</strong></span> <span class='ocrx_word' id='word_1_121' title='bbox 754 1750 802 1830; x_wconf 93' lang='lat' dir='ltr'><strong>ei,</strong></span> <span class='ocrx_word' id='word_1_122' title='bbox 827 1751 864 1813; x_wconf 91' lang='lat' dir='ltr'><strong>et</strong></span> <span class='ocrx_word' id='word_1_123' title='bbox 887 1748 1013 1812; x_wconf 88' lang='lat' dir='ltr'><strong>milies</strong></span> <span class='ocrx_word' id='word_1_124' title='bbox 1042 1755 1206 1813; x_wconf 89' lang='lat' dir='ltr'><strong>centena</strong></span> <span class='ocrx_word' id='word_1_125' title='bbox 1236 1749 1342 1812; x_wconf 91' lang='lat' dir='ltr'><strong>milia</strong></span> <span class='ocrx_word' id='word_1_126' title='bbox 1371 1771 1482 1834; x_wconf 90' lang='lat' dir='ltr'><strong>appa-</strong></span> 
     </span>
     <span class='ocr_line' id='line_1_15' title="bbox 347 1851 1482 1934; baseline -0.001 -16"><span class='ocrx_word' id='word_1_127' title='bbox 347 1855 485 1918; x_wconf 88' lang='lat' dir='ltr'><strong>rebant</strong></span> <span class='ocrx_word' id='word_1_128' title='bbox 507 1853 555 1934; x_wconf 94' lang='lat' dir='ltr'><strong>ei,</strong></span> <span class='ocrx_word' id='word_1_129' title='bbox 579 1872 640 1916; x_wconf 90' lang='lat' dir='ltr'><strong>nec</strong></span> <span class='ocrx_word' id='word_1_130' title='bbox 663 1852 735 1916; x_wconf 92' lang='lat' dir='ltr'><strong>ideo</strong></span> <span class='ocrx_word' id='word_1_131' title='bbox 758 1852 857 1914; x_wconf 89' lang='lat' dir='ltr'><strong>unius</strong></span> <span class='ocrx_word' id='word_1_132' title='bbox 876 1869 945 1915; x_wconf 88' lang='lat' dir='ltr'><strong>esse</strong></span> <span class='ocrx_word' id='word_1_133' title='bbox 965 1851 1067 1927; x_wconf 83' lang='lat' dir='ltr'><strong>desiit,</strong></span> <span class='ocrx_word' id='word_1_134' title='bbox 1091 1855 1128 1914; x_wconf 92' lang='lat' dir='ltr'><strong>ut</strong></span> <span class='ocrx_word' id='word_1_135' title='bbox 1151 1851 1277 1915; x_wconf 85' lang='lat' dir='ltr'><strong>desinat</strong></span> <span class='ocrx_word' id='word_1_136' title='bbox 1298 1855 1367 1933; x_wconf 81' lang='lat'>(15)</span> <span class='ocrx_word' id='word_1_137' title='bbox 1390 1873 1482 1917; x_wconf 88' lang='lat' dir='ltr'><strong>mon-</strong></span> 
     </span>
     <span class='ocr_line' id='line_1_16' title="bbox 349 1954 1482 2039; baseline -0.001 -17"><span class='ocrx_word' id='word_1_138' title='bbox 349 1958 459 2022; x_wconf 89' lang='lat' dir='ltr'><strong>archia</strong></span> <span class='ocrx_word' id='word_1_139' title='bbox 475 1975 555 2035; x_wconf 88' lang='lat' dir='ltr'><strong>esse,</strong></span> <span class='ocrx_word' id='word_1_140' title='bbox 579 1956 655 2038; x_wconf 87' lang='lat' dir='ltr'><strong>quia</strong></span> <span class='ocrx_word' id='word_1_141' title='bbox 674 1974 732 2038; x_wconf 90' lang='lat' dir='ltr'><strong>per</strong></span> <span class='ocrx_word' id='word_1_142' title='bbox 749 1957 837 2018; x_wconf 86' lang='lat' dir='ltr'><strong>tanta</strong></span> <span class='ocrx_word' id='word_1_143' title='bbox 861 1954 948 2018; x_wconf 91' lang='lat' dir='ltr'><strong>milia</strong></span> <span class='ocrx_word' id='word_1_144' title='bbox 970 1954 1126 2018; x_wconf 89' lang='lat' dir='ltr'><strong>virtutum</strong></span> <span class='ocrx_word' id='word_1_145' title='bbox 1150 1961 1358 2038; x_wconf 91' lang='lat' dir='ltr'><strong>procuratur:</strong></span> <span class='ocrx_word' id='word_1_146' title='bbox 1384 1957 1482 2039; x_wconf 90' lang='lat' dir='ltr'><strong>quale</strong></span> 
     </span>
    </p>

    <p class='ocr_par' dir='ltr' id='par_1_5' title="bbox 292 2057 1484 2559">
     <span class='ocr_line' id='line_1_17' title="bbox 292 2057 1482 2142; baseline 0.001 -20"><span class='ocrx_word' id='word_1_147' title='bbox 292 2078 321 2122; x_wconf 74' lang='lat' dir='ltr'><strong>aa</strong></span> <span class='ocrx_word' id='word_1_148' title='bbox 350 2065 407 2142; x_wconf 87' lang='lat' dir='ltr'><strong>est,</strong></span> <span class='ocrx_word' id='word_1_149' title='bbox 430 2063 467 2125; x_wconf 89' lang='lat' dir='ltr'><strong>ut</strong></span> <span class='ocrx_word' id='word_1_150' title='bbox 490 2059 570 2124; x_wconf 91' lang='lat' dir='ltr'><strong>deus</strong></span> <span class='ocrx_word' id='word_1_151' title='bbox 590 2058 781 2123; x_wconf 88' lang='lat' dir='ltr'><strong>divisionem</strong></span> <span class='ocrx_word' id='word_1_152' title='bbox 800 2061 832 2122; x_wconf 89' lang='lat' dir='ltr'><strong>ct</strong></span> <span class='ocrx_word' id='word_1_153' title='bbox 851 2059 1083 2140; x_wconf 88' lang='lat' dir='ltr'><strong>dispersionem</strong></span> <span class='ocrx_word' id='word_1_154' title='bbox 1102 2058 1168 2141; x_wconf 89' lang='lat' dir='ltr'><strong>pati</strong></span> <span class='ocrx_word' id='word_1_155' title='bbox 1187 2057 1338 2122; x_wconf 92' lang='lat' dir='ltr'><strong>videatur</strong></span> <span class='ocrx_word' id='word_1_156' title='bbox 1355 2061 1389 2122; x_wconf 93' lang='lat' dir='ltr'><strong>in</strong></span> <span class='ocrx_word' id='word_1_157' title='bbox 1410 2061 1482 2123; x_wconf 85' lang='lat' dir='ltr'><strong>filio</strong></span> 
     </span>
     <span class='ocr_line' id='line_1_18' title="bbox 349 2160 1481 2248; baseline -0.002 -19"><span class='ocrx_word' id='word_1_158' title='bbox 349 2168 381 2230; x_wconf 90' lang='lat' dir='ltr'><strong>et</strong></span> <span class='ocrx_word' id='word_1_159' title='bbox 403 2166 437 2228; x_wconf 90' lang='lat' dir='ltr'><strong>in</strong></span> <span class='ocrx_word' id='word_1_160' title='bbox 462 2164 577 2248; x_wconf 89' lang='lat' dir='ltr'><strong>spiritu</strong></span> <span class='ocrx_word' id='word_1_161' title='bbox 596 2165 715 2243; x_wconf 89' lang='lat' dir='ltr'><strong>sancto,</strong></span> <span class='ocrx_word' id='word_1_162' title='bbox 739 2160 918 2225; x_wconf 91' lang='lat' dir='ltr'><strong>secundum</strong></span> <span class='ocrx_word' id='word_1_163' title='bbox 938 2164 970 2224; x_wconf 90' lang='lat' dir='ltr'><strong>et</strong></span> <span class='ocrx_word' id='word_1_164' title='bbox 988 2161 1118 2224; x_wconf 86' lang='lat' dir='ltr'><strong>tertium</strong></span> <span class='ocrx_word' id='word_1_165' title='bbox 1137 2161 1259 2224; x_wconf 84' lang='lat' dir='ltr'><strong>sortitis</strong></span> <span class='ocrx_word' id='word_1_166' title='bbox 1278 2161 1396 2242; x_wconf 90' lang='lat' dir='ltr'><strong>locum,</strong></span> <span class='ocrx_word' id='word_1_167' title='bbox 1416 2165 1481 2227; x_wconf 82' lang='lat' dir='ltr'><strong>tani</strong></span> 
     </span>
     <span class='ocr_line' id='line_1_19' title="bbox 350 2265 1483 2349; baseline -0.002 -16"><span class='ocrx_word' id='word_1_168' title='bbox 350 2266 555 2334; x_wconf 90' lang='lat' dir='ltr'><strong>consortibus</strong></span> <span class='ocrx_word' id='word_1_169' title='bbox 572 2265 770 2330; x_wconf 88' lang='lat' dir='ltr'><strong>substantiae</strong></span> <span class='ocrx_word' id='word_1_170' title='bbox 790 2265 898 2348; x_wconf 81' lang='lat' dir='ltr'><strong>patric,</strong></span> <span class='ocrx_word' id='word_1_171' title='bbox 923 2283 1002 2346; x_wconf 88' lang='lat' dir='ltr'><strong>quas</strong></span> <span class='ocrx_word' id='word_1_172' title='bbox 1025 2265 1232 2347; x_wconf 80' lang='lat' dir='ltr'><strong>conpatitur</strong></span> <span class='ocrx_word' id='word_1_173' title='bbox 1254 2266 1287 2327; x_wconf 93' lang='lat' dir='ltr'><strong>in</strong></span> <span class='ocrx_word' id='word_1_174' title='bbox 1312 2268 1361 2328; x_wconf 91' lang='lat' dir='ltr'><strong>tot</strong></span> <span class='ocrx_word' id='word_1_175' title='bbox 1384 2285 1483 2349; x_wconf 86' lang='lat' dir='ltr'><strong>ange·</strong></span> 
     </span>
     <span class='ocr_line' id='line_1_20' title="bbox 349 2367 1483 2452; baseline -0.001 -17"><span class='ocrx_word' id='word_1_176' title='bbox 349 2372 454 2435; x_wconf 91' lang='lat' dir='ltr'><strong>lorum</strong></span> <span class='ocrx_word' id='word_1_177' title='bbox 475 2389 618 2450; x_wconf 90' lang='lat' dir='ltr'><strong>numero,</strong></span> <span class='ocrx_word' id='word_1_178' title='bbox 639 2367 817 2450; x_wconf 88' lang='lat' dir='ltr'><strong>etquidem</strong></span> <span class='ocrx_word' id='word_1_179' title='bbox 839 2369 904 2430; x_wconf 89' lang='lat' dir='ltr'><strong>tam</strong></span> <span class='ocrx_word' id='word_1_180' title='bbox 923 2367 1159 2444; x_wconf 83' lang='lat' dir='ltr'><strong>(alienorum)</strong></span> <span class='ocrx_word' id='word_1_181' title='bbox 1179 2387 1197 2430; x_wconf 91' lang='lat' dir='ltr'><strong>a</strong></span> <span class='ocrx_word' id='word_1_182' title='bbox 1214 2367 1397 2432; x_wconf 85' lang='lat' dir='ltr'><strong>substantia</strong></span> <span class='ocrx_word' id='word_1_183' title='bbox 1415 2371 1483 2452; x_wconf 79' lang='lat'>(20)</span> 
     </span>
     <span class='ocr_line' id='line_1_21' title="bbox 351 2469 1484 2559; baseline -0.002 -21"><span class='ocrx_word' id='word_1_184' title='bbox 351 2476 473 2559; x_wconf 79' lang='lat' dir='ltr'><strong>patris?</strong></span> <span class='ocrx_word' id='word_1_185' title='bbox 499 2471 640 2536; x_wconf 90' lang='lat' dir='ltr'><strong>membra</strong></span> <span class='ocrx_word' id='word_1_186' title='bbox 664 2477 696 2534; x_wconf 90' lang='lat' dir='ltr'><strong>et</strong></span> <span class='ocrx_word' id='word_1_187' title='bbox 718 2471 853 2554; x_wconf 85' lang='lat' dir='ltr'><strong>pignora</strong></span> <span class='ocrx_word' id='word_1_188' title='bbox 876 2473 908 2533; x_wconf 91' lang='lat' dir='ltr'><strong>et</strong></span> <span class='ocrx_word' id='word_1_189' title='bbox 930 2469 1142 2533; x_wconf 85' lang='lat' dir='ltr'><strong>instrumenta</strong></span> <span class='ocrx_word' id='word_1_190' title='bbox 1167 2473 1199 2534; x_wconf 91' lang='lat' dir='ltr'><strong>et</strong></span> <span class='ocrx_word' id='word_1_191' title='bbox 1222 2471 1323 2552; x_wconf 88' lang='lat' dir='ltr'><strong>ipsam</strong></span> <span class='ocrx_word' id='word_1_192' title='bbox 1354 2473 1421 2535; x_wconf 91' lang='lat' dir='ltr'><strong>vim</strong></span> <span class='ocrx_word' id='word_1_193' title='bbox 1446 2493 1484 2536; x_wconf 91' lang='lat' dir='ltr'><strong>ac</strong></span> 
     </span>
    </p>

    <p class='ocr_par' dir='ltr' id='par_1_6' title="bbox 294 2570 1484 3068">
     <span class='ocr_line' id='line_1_22' title="bbox 294 2570 1482 2654; baseline -0.003 -12"><span class='ocrx_word' id='word_1_194' title='bbox 294 2596 322 2641; x_wconf 76' lang='lat' dir='ltr'><strong>ro</strong></span> <span class='ocrx_word' id='word_1_195' title='bbox 350 2581 454 2642; x_wconf 91' lang='lat' dir='ltr'><strong>totum</strong></span> <span class='ocrx_word' id='word_1_196' title='bbox 485 2594 616 2640; x_wconf 90' lang='lat' dir='ltr'><strong>censum</strong></span> <span class='ocrx_word' id='word_1_197' title='bbox 650 2573 853 2636; x_wconf 86' lang='lat' dir='ltr'><strong>monarchiae</strong></span> <span class='ocrx_word' id='word_1_198' title='bbox 886 2572 1086 2636; x_wconf 87' lang='lat' dir='ltr'><strong>eversionem</strong></span> <span class='ocrx_word' id='word_1_199' title='bbox 1117 2570 1252 2654; x_wconf 82' lang='lat' dir='ltr'><strong>deputas</strong></span> <span class='ocrx_word' id='word_1_200' title='bbox 1285 2573 1383 2638; x_wconf 79' lang='lat' dir='ltr'><strong>eius?</strong></span> <span class='ocrx_word' id='word_1_201' title='bbox 1418 2595 1482 2638; x_wconf 92' lang='lat' dir='ltr'><strong>non</strong></span> 
     </span>
     <span class='ocr_line' id='line_1_23' title="bbox 350 2673 1483 2756; baseline -0.001 -13"><span class='ocrx_word' id='word_1_202' title='bbox 350 2682 446 2744; x_wconf 89' lang='lat' dir='ltr'><strong>recte.</strong></span> <span class='ocrx_word' id='word_1_203' title='bbox 471 2677 553 2740; x_wconf 90' lang='lat' dir='ltr'><strong>malo</strong></span> <span class='ocrx_word' id='word_1_204' title='bbox 578 2683 609 2740; x_wconf 86' lang='lat' dir='ltr'><strong>te</strong></span> <span class='ocrx_word' id='word_1_205' title='bbox 633 2673 827 2738; x_wconf 90' lang='lat' dir='ltr'><strong>adsensum</strong></span> <span class='ocrx_word' id='word_1_206' title='bbox 856 2674 904 2737; x_wconf 88' lang='lat' dir='ltr'><strong>rei</strong></span> <span class='ocrx_word' id='word_1_207' title='bbox 927 2693 1023 2756; x_wconf 90' lang='lat' dir='ltr'><strong>quam</strong></span> <span class='ocrx_word' id='word_1_208' title='bbox 1047 2675 1085 2738; x_wconf 89' lang='lat' dir='ltr'><strong>ad</strong></span> <span class='ocrx_word' id='word_1_209' title='bbox 1110 2695 1226 2738; x_wconf 91' lang='lat' dir='ltr'><strong>sonum</strong></span> <span class='ocrx_word' id='word_1_210' title='bbox 1250 2675 1403 2741; x_wconf 88' lang='lat' dir='ltr'><strong>vocabuli</strong></span> <span class='ocrx_word' id='word_1_211' title='bbox 1427 2697 1483 2742; x_wconf 82' lang='lat' dir='ltr'><strong>ex·</strong></span> 
     </span>
     <span class='ocr_line' id='line_1_24' title="bbox 351 2775 1482 2863; baseline -0.002 -16"><span class='ocrx_word' id='word_1_212' title='bbox 351 2801 469 2847; x_wconf 85' lang='lat' dir='ltr'><strong>arceas.</strong></span> <span class='ocrx_word' id='word_1_213' title='bbox 501 2779 626 2844; x_wconf 85' lang='lat' dir='ltr'><strong>eversio</strong></span> <span class='ocrx_word' id='word_1_214' title='bbox 655 2779 741 2841; x_wconf 89' lang='lat' dir='ltr'><strong>enim</strong></span> <span class='ocrx_word' id='word_1_215' title='bbox 771 2775 976 2839; x_wconf 88' lang='lat' dir='ltr'><strong>monarchiae</strong></span> <span class='ocrx_word' id='word_1_216' title='bbox 1007 2776 1062 2839; x_wconf 89' lang='lat' dir='ltr'><strong>illa</strong></span> <span class='ocrx_word' id='word_1_217' title='bbox 1089 2779 1139 2840; x_wconf 90' lang='lat' dir='ltr'><strong>est</strong></span> <span class='ocrx_word' id='word_1_218' title='bbox 1168 2777 1226 2839; x_wconf 91' lang='lat' dir='ltr'><strong>tibi</strong></span> <span class='ocrx_word' id='word_1_219' title='bbox 1256 2778 1482 2863; x_wconf 83' lang='lat' dir='ltr'><strong>intellegenda,</strong></span> 
     </span>
     <span class='ocr_line' id='line_1_25' title="bbox 352 2877 1484 2966; baseline -0.004 -15"><span class='ocrx_word' id='word_1_220' title='bbox 352 2906 425 2951; x_wconf 90' lang='lat' dir='ltr'><strong>curn</strong></span> <span class='ocrx_word' id='word_1_221' title='bbox 450 2885 513 2948; x_wconf 88' lang='lat' dir='ltr'><strong>alia</strong></span> <span class='ocrx_word' id='word_1_222' title='bbox 537 2883 709 2947; x_wconf 89' lang='lat' dir='ltr'><strong>dominatio</strong></span> <span class='ocrx_word' id='word_1_223' title='bbox 734 2899 811 2944; x_wconf 87' lang='lat' dir='ltr'><strong>suae</strong></span> <span class='ocrx_word' id='word_1_224' title='bbox 835 2877 1035 2942; x_wconf 87' lang='lat' dir='ltr'><strong>condicionis</strong></span> <span class='ocrx_word' id='word_1_225' title='bbox 1055 2883 1087 2942; x_wconf 89' lang='lat' dir='ltr'><strong>et</strong></span> <span class='ocrx_word' id='word_1_226' title='bbox 1105 2880 1226 2963; x_wconf 92' lang='lat' dir='ltr'><strong>proprii</strong></span> <span class='ocrx_word' id='word_1_227' title='bbox 1246 2883 1350 2945; x_wconf 82' lang='lat' dir='ltr'><strong>status</strong></span> <span class='ocrx_word' id='word_1_228' title='bbox 1370 2903 1408 2946; x_wconf 87' lang='lat' dir='ltr'><strong>ac</strong></span> <span class='ocrx_word' id='word_1_229' title='bbox 1428 2903 1484 2966; x_wconf 91' lang='lat' dir='ltr'><strong>per</strong></span> 
     </span>
     <span class='ocr_line' id='line_1_26' title="bbox 352 2980 1484 3068; baseline -0.004 -16"><span class='ocrx_word' id='word_1_230' title='bbox 352 2990 413 3052; x_wconf 93' lang='lat' dir='ltr'><strong>hoc</strong></span> <span class='ocrx_word' id='word_1_231' title='bbox 436 2989 503 3068; x_wconf 70' lang='lat'><strong>(⁶25)</strong></span> <span class='ocrx_word' id='word_1_232' title='bbox 527 2987 652 3050; x_wconf 88' lang='lat' dir='ltr'><strong>aemula</strong></span> <span class='ocrx_word' id='word_1_233' title='bbox 681 2984 917 3068; x_wconf 88' lang='lat' dir='ltr'><strong>superducitur,</strong></span> <span class='ocrx_word' id='word_1_234' title='bbox 946 3002 1021 3046; x_wconf 90' lang='lat' dir='ltr'><strong>cum</strong></span> <span class='ocrx_word' id='word_1_235' title='bbox 1044 2981 1127 3045; x_wconf 90' lang='lat' dir='ltr'><strong>alius</strong></span> <span class='ocrx_word' id='word_1_236' title='bbox 1156 2980 1238 3046; x_wconf 92' lang='lat' dir='ltr'><strong>deus</strong></span> <span class='ocrx_word' id='word_1_237' title='bbox 1265 2984 1407 3048; x_wconf 85' lang='lat' dir='ltr'><strong>infertur</strong></span> <span class='ocrx_word' id='word_1_238' title='bbox 1429 2983 1484 3049; x_wconf 88' lang='lat' dir='ltr'><strong>ad-</strong></span> 
     </span>
    </p>

    <p class='ocr_par' dir='ltr' id='par_1_7' title="bbox 295 3083 1484 3364">
     <span class='ocr_line' id='line_1_27' title="bbox 295 3083 1484 3170; baseline -0.007 -10"><span class='ocrx_word' id='word_1_239' title='bbox 295 3116 324 3160; x_wconf 68' lang='lat' dir='ltr'><strong>an</strong></span> <span class='ocrx_word' id='word_1_240' title='bbox 352 3111 466 3158; x_wconf 89' lang='lat' dir='ltr'><strong>versus</strong></span> <span class='ocrx_word' id='word_1_241' title='bbox 476 3093 662 3170; x_wconf 90' lang='lat' dir='ltr'><strong>creatorem,</strong></span> <span class='ocrx_word' id='word_1_242' title='bbox 675 3091 782 3169; x_wconf 84' lang='lat' dir='ltr'><strong>†tunc</strong></span> <span class='ocrx_word' id='word_1_243' title='bbox 792 3088 883 3169; x_wconf 87' lang='lat' dir='ltr'><strong>male,</strong></span> <span class='ocrx_word' id='word_1_244' title='bbox 894 3107 967 3150; x_wconf 90' lang='lat' dir='ltr'><strong>cum</strong></span> <span class='ocrx_word' id='word_1_245' title='bbox 977 3087 1095 3170; x_wconf 89' lang='lat' dir='ltr'><strong>plures,</strong></span> <span class='ocrx_word' id='word_1_246' title='bbox 1105 3083 1285 3149; x_wconf 90' lang='lat' dir='ltr'><strong>secundum</strong></span> <span class='ocrx_word' id='word_1_247' title='bbox 1295 3087 1484 3152; x_wconf 87' lang='lat' dir='ltr'><strong>Valentinos</strong></span> 
     </span>
     <span class='ocr_line' id='line_1_28' title="bbox 352 3191 1484 3270; baseline -0.006 -9"><span class='ocrx_word' id='word_1_248' title='bbox 352 3200 384 3262; x_wconf 90' lang='lat' dir='ltr'><strong>et</strong></span> <span class='ocrx_word' id='word_1_249' title='bbox 399 3195 569 3260; x_wconf 87' lang='lat' dir='ltr'><strong>Prodioos:</strong></span> <span class='ocrx_word' id='word_1_250' title='bbox 590 3197 669 3257; x_wconf 89' lang='lat' dir='ltr'><strong>tunc</strong></span> <span class='ocrx_word' id='word_1_251' title='bbox 684 3194 717 3255; x_wconf 94' lang='lat' dir='ltr'><strong>in</strong></span> <span class='ocrx_word' id='word_1_252' title='bbox 738 3192 941 3256; x_wconf 88' lang='lat' dir='ltr'><strong>monarchiae</strong></span> <span class='ocrx_word' id='word_1_253' title='bbox 958 3191 1166 3270; x_wconf 88' lang='lat' dir='ltr'><strong>eversionem,</strong></span> <span class='ocrx_word' id='word_1_254' title='bbox 1187 3210 1259 3255; x_wconf 91' lang='lat' dir='ltr'><strong>cum</strong></span> <span class='ocrx_word' id='word_1_255' title='bbox 1277 3191 1311 3253; x_wconf 95' lang='lat' dir='ltr'><strong>in</strong></span> <span class='ocrx_word' id='word_1_256' title='bbox 1329 3193 1484 3256; x_wconf 90' lang='lat' dir='ltr'><strong>creatoris</strong></span> 
     </span>
     <span class='ocr_line' id='line_1_29' title="bbox 351 3299 614 3364; baseline -0.015 0"><span class='ocrx_word' id='word_1_257' title='bbox 351 3299 614 3364; x_wconf 86' lang='lat' dir='ltr'><strong>destructionem.</strong></span> 
     </span>
    </p>
   </div>
   <div class='ocr_carea' id='block_1_3' title="bbox 353 3471 1490 4310">
    <p class='ocr_par' dir='ltr' id='par_1_8' title="bbox 353 3471 1490 4310">
     <span class='ocr_line' id='line_1_30' title="bbox 442 3471 1486 3542; baseline -0.002 -14"><span class='ocrx_word' id='word_1_258' title='bbox 442 3477 477 3528; x_wconf 82' lang='lat'><strong>20</strong></span> <span class='ocrx_word' id='word_1_259' title='bbox 497 3491 560 3529; x_wconf 89' lang='lat' dir='ltr'><strong>eum</strong></span> <span class='ocrx_word' id='word_1_260' title='bbox 580 3473 649 3542; x_wconf 76' lang='lat' dir='ltr'><strong>Rip:</strong></span> <span class='ocrx_word' id='word_1_261' title='bbox 670 3474 730 3527; x_wconf 88' lang='lat' dir='ltr'><strong>eius</strong></span> <span class='ocrx_word' id='word_1_262' title='bbox 750 3473 833 3538; x_wconf 73' lang='lat' dir='ltr'><strong>PMF,</strong></span> <span class='ocrx_word' id='word_1_263' title='bbox 852 3488 909 3526; x_wconf 90' lang='lat' dir='ltr'><strong>non</strong></span> <span class='ocrx_word' id='word_1_264' title='bbox 928 3489 978 3526; x_wconf 91' lang='lat' dir='ltr'><strong>om.</strong></span> <span class='ocrx_word' id='word_1_265' title='bbox 997 3471 1017 3524; x_wconf 86' lang='lat' dir='ltr'>P</span> <span class='ocrx_word' id='word_1_266' title='bbox 1036 3472 1110 3540; x_wconf 73' lang='lat' dir='ltr'><strong>(aad.</strong></span> <span class='ocrx_word' id='word_1_267' title='bbox 1124 3474 1154 3523; x_wconf 80' lang='lat' dir='ltr'><strong>ia</strong></span> <span class='ocrx_word' id='word_1_268' title='bbox 1173 3489 1225 3539; x_wconf 69' lang='lat' dir='ltr'><strong>mc.</strong></span> <span class='ocrx_word' id='word_1_269' title='bbox 1239 3489 1274 3525; x_wconf 88' lang='lat' dir='ltr'><strong>m.</strong></span> <span class='ocrx_word' id='word_1_270' title='bbox 1288 3471 1331 3540; x_wconf 82' lang='lat'><strong>1);</strong></span> <span class='ocrx_word' id='word_1_271' title='bbox 1364 3473 1399 3527; x_wconf 81' lang='lat'><strong>21</strong></span> <span class='ocrx_word' id='word_1_272' title='bbox 1419 3473 1486 3527; x_wconf 87' lang='lat' dir='ltr'><strong>velit</strong></span> 
     </span>
     <span class='ocr_line' id='line_1_31' title="bbox 353 3556 1486 3627; baseline -0.003 -12"><span class='ocrx_word' id='word_1_273' title='bbox 353 3561 407 3627; x_wconf 86' lang='lat' dir='ltr'><strong>RF,</strong></span> <span class='ocrx_word' id='word_1_274' title='bbox 427 3561 505 3614; x_wconf 91' lang='lat' dir='ltr'><strong>venit</strong></span> <span class='ocrx_word' id='word_1_275' title='bbox 527 3560 587 3624; x_wconf 67' lang='lat' dir='ltr'><strong>Plu</strong></span> <span class='ocrx_word' id='word_1_276' title='bbox 626 3561 660 3613; x_wconf 86' lang='lat'><strong>29</strong></span> <span class='ocrx_word' id='word_1_277' title='bbox 679 3559 766 3614; x_wconf 88' lang='lat' dir='ltr'><strong>unitis</strong></span> <span class='ocrx_word' id='word_1_278' title='bbox 786 3559 866 3625; x_wconf 76' lang='lat' dir='ltr'><strong>Eup:</strong></span> <span class='ocrx_word' id='word_1_279' title='bbox 887 3557 977 3611; x_wconf 87' lang='lat' dir='ltr'><strong>unicis</strong></span> <span class='ocrx_word' id='word_1_280' title='bbox 1001 3557 1083 3623; x_wconf 87' lang='lat' dir='ltr'><strong>PMF;</strong></span> <span class='ocrx_word' id='word_1_281' title='bbox 1120 3556 1157 3610; x_wconf 76' lang='lat'><strong>34</strong></span> <span class='ocrx_word' id='word_1_282' title='bbox 1175 3557 1241 3626; x_wconf 88' lang='lat' dir='ltr'><strong>quia</strong></span> <span class='ocrx_word' id='word_1_283' title='bbox 1260 3574 1310 3610; x_wconf 80' lang='lat' dir='ltr'><strong>om.</strong></span> <span class='ocrx_word' id='word_1_284' title='bbox 1331 3558 1365 3623; x_wconf 68' lang='grc' dir='ltr'><strong>Ἐς</strong></span> <span class='ocrx_word' id='word_1_285' title='bbox 1403 3557 1440 3612; x_wconf 87' lang='grc'><strong>38</strong></span> <span class='ocrx_word' id='word_1_286' title='bbox 1459 3562 1486 3612; x_wconf 91' lang='lat' dir='ltr'><strong>el</strong></span> 
     </span>
     <span class='ocr_line' id='line_1_32' title="bbox 353 3641 1487 3714; baseline 0.001 -15"><span class='ocrx_word' id='word_1_287' title='bbox 353 3645 467 3713; x_wconf 86' lang='lat' dir='ltr'><strong>quidem</strong></span> <span class='ocrx_word' id='word_1_288' title='bbox 487 3649 545 3698; x_wconf 87' lang='lat' dir='ltr'><strong>tani</strong></span> <span class='ocrx_word' id='word_1_289' title='bbox 565 3644 768 3714; x_wconf 76' lang='lat' dir='ltr'><strong>(alienorum)</strong></span> <span class='ocrx_word' id='word_1_290' title='bbox 788 3643 851 3696; x_wconf 75' lang='lat' dir='ltr'><strong>Gal:</strong></span> <span class='ocrx_word' id='word_1_291' title='bbox 877 3641 1035 3712; x_wconf 88' lang='lat' dir='ltr'><strong>etquidem</strong></span> <span class='ocrx_word' id='word_1_292' title='bbox 1056 3646 1113 3698; x_wconf 86' lang='lat' dir='ltr'><strong>tarn</strong></span> <span class='ocrx_word' id='word_1_293' title='bbox 1132 3643 1212 3710; x_wconf 80' lang='lat' dir='ltr'><strong>Pth,</strong></span> <span class='ocrx_word' id='word_1_294' title='bbox 1232 3643 1368 3712; x_wconf 85' lang='lat' dir='ltr'><strong>etquid?</strong></span> <span class='ocrx_word' id='word_1_295' title='bbox 1392 3645 1487 3700; x_wconf 87' lang='lat' dir='ltr'><strong>demta</strong></span> 
     </span>
     <span class='ocr_line' id='line_1_33' title="bbox 355 3727 1488 3798; baseline 0.003 -17"><span class='ocrx_word' id='word_1_296' title='bbox 355 3730 428 3798; x_wconf 65' lang='lat' dir='ltr'><strong>Ena,</strong></span> <span class='ocrx_word' id='word_1_297' title='bbox 448 3729 549 3796; x_wconf 86' lang='lat' dir='ltr'><strong>ecquid</strong></span> <span class='ocrx_word' id='word_1_298' title='bbox 561 3733 630 3783; x_wconf 88' lang='lat' dir='ltr'><strong>nata</strong></span> <span class='ocrx_word' id='word_1_299' title='bbox 646 3730 789 3795; x_wconf 71' lang='lat' dir='ltr'><strong>Oeblerm,</strong></span> <span class='ocrx_word' id='word_1_300' title='bbox 827 3729 862 3782; x_wconf 88' lang='grc'><strong>39</strong></span> <span class='ocrx_word' id='word_1_301' title='bbox 875 3727 1103 3796; x_wconf 86' lang='lat' dir='ltr'><strong>palrismemhra</strong></span> <span class='ocrx_word' id='word_1_302' title='bbox 1119 3727 1250 3782; x_wconf 77' lang='lat' dir='ltr'><strong>Oehlerua</strong></span> <span class='ocrx_word' id='word_1_303' title='bbox 1263 3729 1344 3797; x_wconf 56' lang='lat' dir='ltr'><strong>Eam</strong></span> <span class='ocrx_word' id='word_1_304' title='bbox 1383 3729 1488 3785; x_wconf 76' lang='lat' dir='ltr'><strong>l3alio</strong></span> 
     </span>
     <span class='ocr_line' id='line_1_34' title="bbox 356 3811 1489 3884; baseline 0.001 -17"><span class='ocrx_word' id='word_1_305' title='bbox 356 3815 388 3880; x_wconf 90' lang='lat' dir='ltr'><strong>P;</strong></span> <span class='ocrx_word' id='word_1_306' title='bbox 426 3813 469 3866; x_wconf 51' lang='lat'><strong>45,</strong></span> <span class='ocrx_word' id='word_1_307' title='bbox 480 3816 547 3866; x_wconf 86' lang='lat' dir='ltr'><strong>tunc</strong></span> <span class='ocrx_word' id='word_1_308' title='bbox 567 3813 639 3866; x_wconf 88' lang='lat' dir='ltr'><strong>male</strong></span> <span class='ocrx_word' id='word_1_309' title='bbox 655 3813 733 3878; x_wconf 87' lang='lat' dir='ltr'><strong>PMF,</strong></span> <span class='ocrx_word' id='word_1_310' title='bbox 753 3829 817 3866; x_wconf 89' lang='lat' dir='ltr'><strong>cum</strong></span> <span class='ocrx_word' id='word_1_311' title='bbox 830 3811 973 3866; x_wconf 87' lang='lat' dir='ltr'><strong>Marcione</strong></span> <span class='ocrx_word' id='word_1_312' title='bbox 990 3811 1128 3880; x_wconf 78' lang='lat' dir='ltr'><strong>Oehlarua,</strong></span> <span class='ocrx_word' id='word_1_313' title='bbox 1149 3816 1215 3868; x_wconf 89' lang='lat' dir='ltr'><strong>lunc</strong></span> <span class='ocrx_word' id='word_1_314' title='bbox 1230 3830 1310 3883; x_wconf 79' lang='lat' dir='ltr'><strong>mage</strong></span> <span class='ocrx_word' id='word_1_315' title='bbox 1329 3815 1374 3884; x_wconf 91' lang='lat'><strong>(=</strong></span> <span class='ocrx_word' id='word_1_316' title='bbox 1388 3815 1489 3884; x_wconf 62' lang='lat' dir='ltr'><strong>macla)</strong></span> 
     </span>
     <span class='ocr_line' id='line_1_35' title="bbox 356 3897 1489 3969; baseline 0.004 -18"><span class='ocrx_word' id='word_1_317' title='bbox 356 3899 428 3965; x_wconf 72' lang='lat' dir='ltr'><strong>Eup,</strong></span> <span class='ocrx_word' id='word_1_318' title='bbox 448 3899 511 3950; x_wconf 83' lang='lat' dir='ltr'><strong>adn.</strong></span> <span class='ocrx_word' id='word_1_319' title='bbox 526 3897 585 3949; x_wconf 88' lang='lat' dir='ltr'><strong>Kr:</strong></span> <span class='ocrx_word' id='word_1_320' title='bbox 606 3897 684 3949; x_wconf 78' lang='lat' dir='ltr'><strong>‘mihi</strong></span> <span class='ocrx_word' id='word_1_321' title='bbox 700 3902 772 3949; x_wconf 79' lang='lat' dir='ltr'><strong>totus</strong></span> <span class='ocrx_word' id='word_1_322' title='bbox 784 3897 829 3948; x_wconf 78' lang='lat' dir='ltr'><strong>hic</strong></span> <span class='ocrx_word' id='word_1_323' title='bbox 841 3897 916 3948; x_wconf 80' lang='lat' dir='ltr'><strong>locus</strong></span> <span class='ocrx_word' id='word_1_324' title='bbox 928 3899 991 3950; x_wconf 79' lang='lat' dir='ltr'><strong>iada</strong></span> <span class='ocrx_word' id='word_1_325' title='bbox 1004 3914 1022 3948; x_wconf 83' lang='lat' dir='ltr'><strong>a</strong></span> <span class='ocrx_word' id='word_1_326' title='bbox 1035 3898 1124 3950; x_wconf 78' lang='lat' dir='ltr'><strong>verbio</strong></span> <span class='ocrx_word' id='word_1_327' title='bbox 1142 3914 1206 3952; x_wconf 89' lang='lat' dir='ltr'><strong>cum</strong></span> <span class='ocrx_word' id='word_1_328' title='bbox 1226 3897 1298 3952; x_wconf 89' lang='lat' dir='ltr'><strong>alius</strong></span> <span class='ocrx_word' id='word_1_329' title='bbox 1312 3898 1383 3954; x_wconf 87' lang='lat' dir='ltr'><strong>deus</strong></span> <span class='ocrx_word' id='word_1_330' title='bbox 1405 3917 1489 3969; x_wconf 79' lang='lat' dir='ltr'><strong>acque</strong></span> 
     </span>
     <span class='ocr_line' id='line_1_36' title="bbox 356 3983 1490 4052; baseline 0.002 -15"><span class='ocrx_word' id='word_1_331' title='bbox 356 3987 386 4037; x_wconf 81' lang='lat' dir='ltr'><strong>in</strong></span> <span class='ocrx_word' id='word_1_332' title='bbox 405 3985 485 4050; x_wconf 81' lang='lat' dir='ltr'><strong>finem</strong></span> <span class='ocrx_word' id='word_1_333' title='bbox 500 3985 600 4050; x_wconf 75' lang='lat' dir='ltr'><strong>capitis</strong></span> <span class='ocrx_word' id='word_1_334' title='bbox 613 3984 820 4051; x_wconf 71' lang='lat' dir='ltr'><strong>tmeipolatoris</strong></span> <span class='ocrx_word' id='word_1_335' title='bbox 834 3997 889 4034; x_wconf 76' lang='lat' dir='ltr'><strong>aare</strong></span> <span class='ocrx_word' id='word_1_336' title='bbox 901 3983 1009 4034; x_wconf 78' lang='lat' dir='ltr'><strong>videtur</strong></span> <span class='ocrx_word' id='word_1_337' title='bbox 1017 4001 1024 4048; x_wconf 88' lang='lat'>;</span> <span class='ocrx_word' id='word_1_338' title='bbox 1043 3999 1095 4050; x_wconf 80' lang='lat' dir='ltr'><strong>qao</strong></span> <span class='ocrx_word' id='word_1_339' title='bbox 1108 3989 1209 4036; x_wconf 74' lang='lat' dir='ltr'><strong>roureto</strong></span> <span class='ocrx_word' id='word_1_340' title='bbox 1221 4000 1292 4052; x_wconf 79' lang='lat' dir='ltr'><strong>quac</strong></span> <span class='ocrx_word' id='word_1_341' title='bbox 1304 3987 1336 4037; x_wconf 78' lang='lat' dir='ltr'><strong>in</strong></span> <span class='ocrx_word' id='word_1_342' title='bbox 1349 3987 1434 4039; x_wconf 76' lang='lat' dir='ltr'><strong>a&#39;aa&#39;ta&#39;c</strong></span> <span class='ocrx_word' id='word_1_343' title='bbox 1447 3989 1490 4040; x_wconf 76' lang='lat' dir='ltr'><strong>ia—</strong></span> 
     </span>
     <span class='ocr_line' id='line_1_37' title="bbox 355 4067 1489 4140; baseline 0.003 -19"><span class='ocrx_word' id='word_1_344' title='bbox 355 4071 491 4137; x_wconf 76' lang='lat' dir='ltr'><strong>sequentis</strong></span> <span class='ocrx_word' id='word_1_345' title='bbox 499 4069 600 4135; x_wconf 70' lang='lat' dir='ltr'><strong>capua</strong></span> <span class='ocrx_word' id='word_1_346' title='bbox 609 4068 741 4136; x_wconf 68' lang='lat' dir='ltr'><strong>leputatur</strong></span> <span class='ocrx_word' id='word_1_347' title='bbox 750 4069 941 4120; x_wconf 76' lang='lat' dir='ltr'><strong>arctissimae</strong></span> <span class='ocrx_word' id='word_1_348' title='bbox 950 4067 1093 4134; x_wconf 75' lang='lat' dir='ltr'><strong>applicant</strong></span> <span class='ocrx_word' id='word_1_349' title='bbox 1103 4069 1140 4120; x_wconf 80' lang='lat' dir='ltr'><strong>ad</strong></span> <span class='ocrx_word' id='word_1_350' title='bbox 1149 4069 1229 4122; x_wconf 78' lang='lat' dir='ltr'><strong>cerba</strong></span> <span class='ocrx_word' id='word_1_351' title='bbox 1238 4069 1384 4124; x_wconf 76' lang='lat' dir='ltr'><strong>eversio-</strong></span> <span class='ocrx_word' id='word_1_352' title='bbox 1392 4087 1489 4140; x_wconf 85' lang='lat' dir='ltr'><strong>super·</strong></span> 
     </span>
     <span class='ocr_line' id='line_1_38' title="bbox 356 4152 1490 4224; baseline 0.003 -17"><span class='ocrx_word' id='word_1_353' title='bbox 356 4153 487 4218; x_wconf 86' lang='lat' dir='ltr'><strong>ducitur&#39;;</strong></span> <span class='ocrx_word' id='word_1_354' title='bbox 511 4152 691 4207; x_wconf 75' lang='lat' dir='ltr'><strong>rorrodicos</strong></span> <span class='ocrx_word' id='word_1_355' title='bbox 702 4153 803 4219; x_wconf 58' lang='lat' dir='ltr'><strong>mma.</strong></span> <span class='ocrx_word' id='word_1_356' title='bbox 815 4153 1086 4222; x_wconf 75' lang='lat' dir='ltr'><strong>(cf.Ipay.178,29):</strong></span> <span class='ocrx_word' id='word_1_357' title='bbox 1100 4153 1234 4224; x_wconf 82' lang='lat' dir='ltr'><strong>prodigos</strong></span> <span class='ocrx_word' id='word_1_358' title='bbox 1244 4155 1363 4223; x_wconf 83' lang='lat' dir='ltr'><strong>PMFR¹,</strong></span> <span class='ocrx_word' id='word_1_359' title='bbox 1375 4156 1490 4212; x_wconf 86' lang='lat' dir='ltr'><strong>Procles</strong></span> 
     </span>
     <span class='ocr_line' id='line_1_39' title="bbox 354 4235 1490 4310; baseline 0.002 -19"><span class='ocrx_word' id='word_1_360' title='bbox 354 4237 408 4302; x_wconf 50' lang='grc' dir='ltr'><strong>Βῆ</strong></span> <span class='ocrx_word' id='word_1_361' title='bbox 428 4237 502 4305; x_wconf 88' lang='lat' dir='ltr'><strong>[cum</strong></span> <span class='ocrx_word' id='word_1_362' title='bbox 516 4239 544 4290; x_wconf 93' lang='lat' dir='ltr'><strong>in</strong></span> <span class='ocrx_word' id='word_1_363' title='bbox 558 4237 694 4291; x_wconf 88' lang='lat' dir='ltr'><strong>crealoris</strong></span> <span class='ocrx_word' id='word_1_364' title='bbox 707 4237 925 4291; x_wconf 88' lang='lat' dir='ltr'><strong>destructionem</strong></span> <span class='ocrx_word' id='word_1_365' title='bbox 940 4235 985 4286; x_wconf 86' lang='lat' dir='ltr'><strong>Kr</strong></span> <span class='ocrx_word' id='word_1_366' title='bbox 999 4239 1027 4287; x_wconf 76' lang='lat' dir='ltr'><strong>in</strong></span> <span class='ocrx_word' id='word_1_367' title='bbox 1042 4238 1081 4290; x_wconf 80' lang='lat' dir='ltr'><strong>ed.</strong></span> <span class='ocrx_word' id='word_1_368' title='bbox 1092 4239 1159 4292; x_wconf 70' lang='lat' dir='ltr'><strong>mira.</strong></span> <span class='ocrx_word' id='word_1_369' title='bbox 1170 4255 1222 4292; x_wconf 81' lang='lat' dir='ltr'><strong>aar.</strong></span> <span class='ocrx_word' id='word_1_370' title='bbox 1233 4245 1296 4306; x_wconf 78' lang='lat' dir='ltr'><strong>port</strong></span> <span class='ocrx_word' id='word_1_371' title='bbox 1309 4243 1376 4293; x_wconf 91' lang='lat' dir='ltr'><strong>tunc</strong></span> <span class='ocrx_word' id='word_1_372' title='bbox 1395 4240 1490 4310; x_wconf 86' lang='lat' dir='ltr'><strong>malel.</strong></span> 
     </span>
    </p>
   </div>
   <div class='ocr_carea' id='block_1_4' title="bbox 0 0 1673 4938">
    <p class='ocr_par' dir='ltr' id='par_1_9' title="bbox 0 0 1673 4938">
     <span class='ocr_line' id='line_1_40' title="bbox 0 0 1673 4938; baseline 0 0"><span class='ocrx_word' id='word_1_373' title='bbox 0 0 1673 4938; x_wconf 95' lang='lat' dir='ltr'><strong> </strong></span> 
     </span>
    </p>
   </div>
  </div>
 </body>
</html>
