3236 4920
226 395 278 451 Die
297 393 504 464 παρακλητικοί
522 395 552 451 in
569 395 619 451 der
638 395 834 466 griechischen
852 412 878 452 u.
892 398 961 451 rbm.
975 395 1124 452 Literalur.
1198 393 1238 455 57

103 569 227 648 ἄνδρες
252 569 521 648 Πελοποννήςιοι,
548 567 611 632 ἀπὸ
638 571 694 646 μέν
721 570 793 634 οίας
818 571 925 647 χώρας
954 569 1083 652 ἥκομεν,
1112 569 1159 634 ὅτι
1184 569 1241 635 olel

105 675 159 736 διὰ
183 672 222 736 τὸ
244 670 392 750 εὔψυχον
412 670 579 750 ἐλευθέρας
606 673 655 735 καὶ
676 671 723 736 δτι
746 672 877 750 Δωριῆς
900 673 1027 750 μέλλετε
1040 667 1125 738 Ἰωςι
1148 673 1241 754 μάχε-

104 781 187 856 ςθαι,
205 774 253 840 ὧν
268 776 404 840 εἰώθατε
425 775 580 852 κρείςςους
596 770 682 856 εἶναι,
699 773 832 853 ἀρκείτω
847 776 990 854 βραχέως
1007 778 1241 855 δεδηλωμένον.

106 878 162 960 VI,
183 879 282 960 68,2
317 876 404 942 ὅπου
434 879 495 956 γὰρ
518 878 643 957 Ἀργεῖοι
674 879 722 942 καὶ
750 879 910 957 Μαντινῆς
938 880 987 944 καὶ
1007 874 1163 956 Ἀθηναῖοι
1193 881 1242 944 καί

105 987 279 1062 νηςιωτιδν·
301 983 332 1046 ol
359 983 482 1061 πρῶτοί
503 982 602 1064 ,ἐςμεν,
630 985 700 1046 πῶς
728 982 768 1047 οὐ
794 983 853 1060 χρὴ
961 983 1019 1060 τήν
1047 981 1158 1048 ἐλπίδα
1184 987 1241 1062 τῆς

108 1088 195 1163 νίκης
216 1085 372 1164 μετέχειν;

200 1187 290 1251 Ganz
314 1185 434 1251 anders
456 1187 604 1271 gestaltet
622 1187 690 1251 siob
709 1186 872 1252 natiirlioh
886 1187 1008 1252 wieder
1026 1187 1171 1252 desselbe
1189 1190 1243 1254 τό-

108 1311 178 1372 πος,
195 1309 293 1355 wenn
310 1291 369 1353 der
385 1290 545 1354 romische
560 1288 715 1354 Feldberr
728 1290 818 1354 seine
834 1289 997 1374 Legiones
1015 1311 1056 1356 au
1072 1291 1124 1356 die
1137 1291 1243 1356 Grbsse

110 1393 210 1458 Roms
238 1393 397 1476 erinnert,
428 1393 484 1457 das
510 1413 551 1457 zu
579 1394 690 1477 siegcn
719 1394 871 1478 gewohnt
892 1395 948 1458 sei.
987 1393 1029 1459 So
1054 1393 1244 1460 delrlamiert

111 1498 154 1560 im
177 1496 405 1580 Latinerlrrieg
432 1495 489 1560 der
516 1496 662 1561 Diktator
688 1497 874 1562 Postumius
906 1497 960 1563 bei
986 1497 1122 1580 Dionys.
1145 1499 1243 1564 Aroh.

111 1599 164 1681 Vl,
182 1601 213 1682 8,
231 1601 251 1663 2
269 1650 275 1663 .
293 1649 325 1664 ..
349 1600 432 1664 ἀλλὰ
454 1603 518 1664 τοῖς
539 1603 595 1678 μὲν
614 1597 721 1664 ἄλλοις
740 1602 877 1680 φοβεροί
896 1603 1054 1664 διετελεῖτε
1073 1599 1172 1684 ὄντες,
1196 1602 1243 1668 ὡν

111 1705 264 1781 ἐκρατεῖτε
283 1704 464 1784 μαχόμενοι,
484 1703 626 1768 Λατίνοις
646 1707 681 1768 δὲ
701 1703 762 1782 ἄρα
777 1706 902 1769 τούτοις
921 1705 970 1770 καὶ
988 1708 1053 1770 τοῖς
1072 1706 1243 1784 ςυμμάχοις

113 1807 217 1872 αὐτῶν
237 1805 452 1870 Οὐολοόςκοις
475 1807 754 1889 εὐκαταφρόνητοι,
774 1808 880 1872 διὰτὸ
905 1810 944 1886 μή
963 1807 1148 1887 πειραθῆναί
1166 1828 1244 1873 ποτε

113 1910 229 1974 αὐτοὺς
243 1913 299 1986 τῆς
316 1909 469 1987 ὑμετέρας
486 1911 601 1988 μάχης;
618 1908 697 1973 ἀλλὰ
713 1911 827 1975 πάντες
842 1909 904 1975 ίςτε
920 1909 967 1974 ότι
978 1913 1065 1974 ταῦτ’
1077 1910 1245 1990 ἀμφότερα

113 2015 148 2076 τὰ
163 2011 240 2091 ἔθνη
253 2015 385 2076 πολλαῖς
398 2011 511 2078 ἐνίκων
523 2013 636 2091 μάχαις
649 2013 679 2076 ol
693 2014 825 2092 πατέρες
841 2014 941 2092 ἡμῶν.
965 2011 1142 2080 Derselben
1159 2013 1245 2078 alten

115 2114 180 2178 Zeit
191 2115 339 2179 erinnert
349 2115 421 2178 sioh
436 2115 588 2179 Ammian
601 2116 636 2178 in
649 2115 706 2180 dor
717 2115 971 2180 Feldberrnrede
980 2117 1002 2181 J
1004 2116 1109 2180 ulians
1119 2116 1245 2200 xxm,

118 2220 144 2299 5,
164 2219 205 2282 20
234 2267 301 2281 ...
331 2216 459 2282 devicta
485 2220 535 2282 est
557 2218 709 2302 perplexo
738 2221 770 2283 et
797 2217 923 2284 diutirm
951 2219 1054 2284 Marte
1078 2219 1245 2304 Carthago

117 2319 170 2384 sed
193 2340 268 2385 earn
288 2320 357 2384 dux
375 2321 507 2386 inclitus
530 2322 639 2386 timuit
661 2340 831 2405 superesse
851 2323 1013 2388 victoriae.
1037 2323 1154 2388 evertit
1171 2323 1246 2387 iun·

119 2421 199 2488 ditus
231 2424 444 2489 Numantiam
475 2423 583 2508 Scipio
615 2427 687 2508 post
717 2425 912 2509 multiplices
942 2445 1037 2490 casus
1068 2425 1246 2490 obsidionis

118 2545 271 2592 emensos.
301 2527 450 2610 Fidenae,
473 2547 516 2592 ne
538 2528 674 2612 imperio
699 2527 945 2594 subcrescerent
967 2529 1122 2611 aemulae,
1145 2529 1247 2594 Roma

118 2629 281 2714 subvertit,
301 2633 334 2696 ct
353 2631 497 2696 Faliscos
518 2631 563 2696 ita
583 2632 744 2716 oppressit
766 2637 798 2697 et
814 2632 922 2714 Veios,
942 2635 978 2696 ut
996 2631 1132 2697 suadere
1152 2633 1246 2698 uobis

118 2731 236 2799 isboset
268 2737 551 2798 monumentorum
574 2737 720 2800 veterum
743 2734 841 2818 fides,
869 2738 906 2800 ut
934 2735 990 2800 has
1019 2736 1166 2802 civitates
1190 2736 1247 2800 ali-

120 2837 240 2918 quando
267 2837 412 2902 valuisse
436 2836 612 2902 credamus.
637 2837 724 2902 Cass
740 2837 803 2902 Dio
823 2837 858 2921 L,
871 2839 923 2920 24,
941 2839 960 2903 3
1045 2839 1174 2905 ἀνάξιον
1190 2842 1246 2918 μέν

121 2944 180 3005 τῶν
198 2943 348 3019 πατέρων
366 2941 457 3019 ἡμῶν
471 2945 537 3005 τῶν
552 2944 610 3006 τὸν
625 2943 768 3024 Πύρρον,
787 2943 843 3006 τὸν
861 2942 1025 3024 Φίλιππον,
1041 2943 1098 3006 τὸν
1113 2941 1245 3026 Περςέα,

121 3044 171 3106 τόν
182 3043 344 3123 Ἀντίοχον
359 3044 569 3128 καθελόντων,
586 3049 652 3110 τῶν
663 3047 738 3110 τοὺς
752 3046 975 3128 Νουμαντίους,
991 3046 1068 3110 τοὺς
1086 3045 1246 3126 Καρχηδο-

122 3146 200 3212 νίους
215 3147 469 3228 ἀναςτηςιίντων,
488 3151 554 3213 τῶν
572 3150 648 3214 τοὺς
669 3149 831 3231 Κίμβρους,
851 3150 927 3214 τοὺς
944 3148 1131 3228 Ἄμβρωνας
1154 3170 1247 3214 κατα-

123 3251 297 3332 κοψάντων,
306 3249 482 3315 ἀνάξιονδὲ
490 3251 635 3330 καίὴμῶν
645 3252 751 3317 αὐτῶν
760 3256 825 3316 τῶν
834 3250 1053 3317 τοὺςΓόιλατας
1062 3273 1247 3330 κατεςτραμ-

124 3353 229 3438 μένων,
243 3361 313 3422 τῶν
325 3357 400 3420 τοὺς
408 3356 610 3421 Παννονίους
624 3357 869 3438 κεχειρωμένων,
879 3359 946 3421 τῶν
958 3357 1047 3435 μέχρι
1059 3358 1117 3420 τοῦ
1125 3355 1246 3433 Ἴςτρου

122 3459 424 3540 προκεχωρηκότων,
446 3459 503 3522 τὸν
520 3459 634 3537 Ῥῆνον
656 3458 901 3540 διαβεβηκότων,
928 3459 961 3524 ές
980 3459 1171 3538 Βρεταννίαν
1192 3477 1247 3522 πε-

125 3563 355 3641 περαιωμένων.
395 3561 455 3626 Die
474 3560 740 3646 Siegestradition
758 3563 857 3627 Roms
881 3560 962 3626 iiber
981 3561 1138 3644 Carthago
1157 3561 1248 3625 iiihrt

125 3657 155 3723 P.
167 3661 272 3748 Scipio
293 3665 372 3747 (210
388 3684 417 3729 v.
429 3663 514 3751 Chr.)
533 3664 586 3730 bei
601 3664 715 3729 Livius
730 3663 824 3747 XXI,
840 3667 893 3747 41,
906 3665 983 3728 6-11
1006 3683 1081 3729 aus:
1106 3665 1248 3748 experiri

125 3762 213 3848 iuvat,
235 3771 349 3832 utrum
368 3767 447 3832 ulios
470 3774 602 3852 repente
621 3767 902 3853 Carthaginienses
925 3787 984 3852 per
1006 3767 1122 3852 viginti
1145 3786 1248 3835 annos

127 3870 204 3932 tenu
221 3870 369 3953 ediderit
389 3891 430 3934 an
447 3869 534 3936 idem
554 3871 628 3954 sint,
652 3873 708 3955 qui
734 3870 775 3936 ad
798 3872 937 3956 Aegates
955 3876 1182 3955 pugnaverunt
1199 3872 1249 3934 in-

128 3970 222 4055 sulas,
253 3977 286 4039 et
316 3993 398 4057 quos
429 3973 468 4038 ab
498 3974 606 4057 myos
637 3973 868 4040 duodevicenis
896 3973 1037 4040 denariis
1064 3974 1249 4039 aestimatos

127 4074 277 4160 emisistis,
301 4084 335 4142 et
362 4081 472 4142 utrum
495 4077 659 4142 Hannibal
683 4079 735 4143 bio
760 4079 803 4142 sit
824 4078 971 4143 aemulus
989 4077 1143 4142 itinerum
1166 4077 1250 4142 Her·

129 4176 215 4260 culis,
241 4185 279 4245 ut
300 4181 372 4265 ipse
393 4180 469 4264 lert,
498 4201 539 4246 an
561 4182 729 4266 vectigalis
753 4181 1046 4266 stipendiariusque
1075 4183 1108 4246 et
1134 4199 1248 4246 servus

129 4281 230 4363 populi
252 4284 391 4350 Romani
413 4305 433 4348 a
458 4287 548 4369 patre
570 4285 712 4350 relictus.
