3096 4924
240 410 439 478 Quaestiones
461 409 575 465 criticae
593 409 622 464 in
640 409 835 479 Aristophanis
854 409 973 466 tabulas.
1138 401 1179 464 95

69 589 137 664 suut,
156 582 189 645 G.
209 582 421 646 Hermannus
448 584 536 660 μέγα.
564 581 722 665 Equidem
746 600 861 646 vereor
890 587 925 644 nt
948 581 1181 665 Aristophanes

67 689 127 760 μέγα
146 687 322 765 φροντίζετε
347 685 485 750 dixerit
516 683 596 748 Nam
619 685 653 748 in
676 683 836 747 similibus
859 683 1078 748 locutionibus
1101 685 1179 761 μέγα

66 791 188 868 βροντᾶν,
207 791 296 868 βοᾶν,
313 789 523 870 ἀνακραγεῖν,
541 789 647 864 λέγειν,
664 789 789 868 ετένειν,
806 789 998 866 ἀπαπέρδετν
1017 808 1037 850 a
1055 787 1179 851 comico

63 891 191 954 adhibitis
206 890 285 954 illud
300 893 382 968 μέγα
400 893 549 954 nostrum
566 889 676 954 ‘'lunt”
693 890 864 973 significat
883 889 999 955 Nostro
1016 909 1092 955 vero
1107 890 1179 955 loco

63 993 228 1057 adverbium
252 993 362 1074 “sebr,
390 993 578 1076 ernstlich”,
603 992 689 1076 quod
714 991 836 1057 Graece
860 1011 940 1056 voce
966 994 1049 1056 πάνυ
1073 994 1180 1076 expri-

65 1099 145 1158 mitur
169 1095 227 1178 (Ls.
249 1098 313 1161 620
342 1097 432 1160 πάνυ
463 1098 602 1176 δέδοικα,
627 1095 673 1160 Pl.
693 1096 756 1159 122
785 1095 915 1174 ὀρροδῶ
939 1096 1036 1176 πάνυ,
1060 1095 1115 1160 Ra
1137 1097 1177 1158 65

63 1201 181 1262 τάνυ-
194 1201 366 1281 μανθάνω),
392 1218 494 1263 sensu
513 1199 698 1282 postulatur.
724 1201 833 1281 Atque
858 1200 937 1278 μέγα
962 1199 1122 1280 quomodo
1145 1200 1178 1262 in

62 1308 169 1365 tertnrn
185 1302 205 1366 S
221 1305 356 1386 venerit,
373 1303 582 1367 adnotatione
600 1303 698 1368 schol.
718 1303 743 1364 V
762 1304 855 1380 μέγα·
873 1303 941 1366 ἀντὶ
959 1306 1018 1366 τοῦ
1038 1303 1180 1380 μεγάλω(

62 1404 101 1466 ad.
120 1425 147 1466 τ.
161 1406 221 1468 220
240 1405 424 1484 ἀναβὸηεον
445 1443 486 1452 -
505 1407 581 1482 μέγα
600 1405 762 1487 docemur,
786 1425 881 1488 qnam
900 1405 980 1469 falso
999 1405 1048 1468 ad.
1067 1425 1096 1468 v.
1114 1406 1177 1468 215
1221 1409 1224 1416 “

61 1507 187 1572 reterens
202 1507 317 1572 Suidas
334 1509 433 1586 μέγα·
453 1509 520 1571 ἀντὶ
535 1512 594 1572 rod
611 1509 762 1587 μεγάλως.
779 1509 998 1588 Ἀρτετοφάνηε
1015 1508 1178 1588 Νεφέλατε,

62 1613 147 1672 ταῦτα
168 1613 239 1686 μέγα
262 1613 450 1689 φροντίζετε
474 1609 612 1693 protulit
648 1610 814 1693 Scriptura
836 1617 941 1674 antem
965 1609 995 1668 V
1019 1611 1110 1674 πάλιν
1135 1611 1180 1673 ita

64 1717 124 1773 orta
137 1717 187 1792 cst,
203 1719 235 1775 ut
249 1712 403 1777 librarius
419 1731 479 1796 pro
494 1713 609 1776 ΠΑΝΥ
625 1731 792 1795 perperam
804 1712 924 1776 ΠΑΛΙΝ
941 1712 1070 1794 legeret
1090 1712 1179 1789 Quae

66 1831 128 1876 cum
148 1816 190 1877 ita
209 1817 279 1896 sint,
303 1813 460 1879 adve'rbio
483 1816 574 1896 πάνυ,
600 1815 686 1898 quod
709 1815 794 1880 utR
817 1816 861 1879 ita
879 1815 944 1879 MA
966 1816 1178 1898 plurimisque

66 1915 126 1978 alils
146 1917 299 1982 codicibus
323 1917 522 1998 adservatur,
545 1917 629 1982 tides
652 1918 799 1983 habenda
821 1925 878 1984 cst.

142 2021 175 2084 In
197 2041 224 2083 τ.
239 2023 305 2084 460
330 2023 494 2105 scriptura
512 2021 534 2086 S
558 2025 607 2086 est
628 2023 719 2105 ἕξων,
743 2022 802 2086 RV
821 2024 907 2103 ἕξετε,
931 2021 1055 2104 syllaba
1074 2044 1121 2087 ων
1144 2023 1178 2086 in

70 2121 92 2180 ί
113 2141 197 2206 snpra
223 2145 265 2190 ειε
293 2145 312 2188 a
341 2145 387 2208 pr.
414 2145 456 2188 m.
479 2125 593 2188 addita
624 2125 795 2209 Dependet
817 2125 897 2189 haec
921 2145 985 2189 vox
1009 2125 1049 2190 de
1072 2125 1179 2190 verbis

71 2227 117 2287 ἰτθτ
136 2227 162 2288 θ’
179 2229 220 2292 ὼε
243 2230 275 2290 in
297 2247 325 2290 v.
343 2231 419 2291 458.
450 2227 540 2304 Quod
562 2230 833 2293 constructionem
852 2229 910 2293 ίεθτ
928 2228 962 2292 b'
983 2229 1086 2293 ὼε-
1103 2230 1179 2293 ἕξετε

70 2327 184 2394 editores
195 2332 420 2414 probaverunt,
434 2330 473 2394 ab
486 2331 526 2394 iis
537 2331 699 2396 dissentio
717 2331 831 2412 Neque
844 2332 930 2394 enim
938 2331 1179 2414 Aristophanes,

69 2439 200 2510 quantum
214 2435 290 2514 scio,
308 2433 475 2498 locutione
493 2433 551 2498 tcc’
568 2435 612 2498 ὼε
627 2453 685 2517 pro
700 2433 759 2498 tco’
776 2433 822 2498 ὅτι
842 2453 920 2498 usus
937 2439 992 2498 est
1017 2433 1063 2498 ct.
1083 2433 1179 2498 etiam

67 2551 134 2613 quae
148 2535 183 2598 ad
202 2536 247 2600 Pl.
267 2539 329 2600 119
347 2537 382 2599 in
399 2536 494 2600 tertio
512 2537 616 2619 capite
635 2536 707 2600 libri
725 2537 910 2619 posterioris
928 2537 1039 2600 dicam.
1064 2535 1177 2600 Inveni

67 2637 196 2716 equidem
219 2640 315 2702 hasce
335 2641 609 2704 constructiones:

140 2741 192 2804 irbi
220 2761 293 2805 cum
318 2741 478 2824 particula
501 2742 547 2805 ὅτι
570 2742 603 2804 in
627 2744 687 2806 Av.
709 2743 804 2823 1408,
832 2741 889 2825 llq.
910 2743 984 2823 948,
1012 2741 1064 2805 Ls.
1083 2744 1177 2824 1138,

68 2838 116 2903 l'b.
129 2845 176 2922 39,
197 2845 290 2925 1254,
316 2845 370 2910 Ρα.
388 2846 466 2925 373,
490 2844 537 2907 Pl.
556 2847 628 2924 183,
654 2845 729 2926 216,
750 2847 823 2926 889,
849 2845 903 2908 Th.
923 2846 971 2908 12.

140 2947 191 3011 ίεθτ
214 2948 442 3031 interpositum
461 2949 496 3010 in
519 2949 599 3012 Ach.
617 2951 692 3030 783,
717 2947 770 3012 Ρα.
788 2949 861 3028 875,
886 2947 940 3012 Ra.
958 2949 1032 3030 296,
1057 2951 1130 3013 918.

139 3050 192 3113 ίεθτ
204 3070 277 3114 cum
290 3052 462 3134 participio
474 3052 508 3114 in
521 3051 601 3116 Ach.
615 3053 690 3132 456,
704 3051 779 3132 460,
791 3052 866 3132 490,
882 3051 911 3114 N
915 3051 942 3114 b.
957 3053 1031 3133 829,
1044 3051 1090 3115 Pl.
1105 3053 1178 3132 962,

67 3147 110 3213 Ita
122 3153 189 3234 436,
207 3154 262 3216 Τίτ.
278 3155 381 3232 1170;
404 3173 469 3217 uno
488 3154 557 3218 loco
575 3154 633 3219 tce’
650 3156 694 3218 ὡς
718 3174 792 3218 curn
808 3154 917 3237 partic.
934 3155 1000 3236 lut,
1020 3173 1085 3217 non
1104 3175 1178 3218 cum

67 3252 183 3335 indicat,
206 3257 287 3320 Acb.
308 3259 373 3320 325
399 3258 445 3320 ωε
464 3259 625 3335 τεθνήξων
645 3257 703 3322 ίεθι
723 3259 799 3320 νυνί.
825 3257 921 3320 Haud
939 3259 1038 3340 igitur
1057 3256 1178 3339 dubito,

68 3357 131 3437 quin
144 3358 306 3424 Bentleius
323 3379 439 3424 verum
457 3359 580 3440 viderit,
600 3379 675 3424 cum
690 3360 748 3424 ίτθτ
764 3361 800 3422 δέ
813 3397 856 3406 -
869 3361 950 3426 ἕξων
966 3361 1178 3442 proposuerit,

67 3460 116 3521 nisi
130 3463 208 3543 quod
226 3463 317 3528 codd.
331 3463 506 3528 lectionem
522 3461 597 3527 δ’ὡε
613 3464 753 3527 retinere
770 3461 896 3541 debuit,
913 3483 1052 3545 namque
1069 3463 1177 3528 deten-

67 3559 137 3626 ditur
152 3565 269 3630 locntio
292 3567 351 3631 ίεθτ
372 3565 450 3629 δ’ὼε
463 3601 504 3610 -
519 3567 598 3630 ἕξων
619 3565 741 3630 collatis
763 3565 840 3629 Ach.
861 3567 925 3630 325
951 3567 995 3630 ὼε
1018 3569 1177 3644 τεθνήξων

67 3663 118 3747 ltu,
138 3667 227 3752 Sopb.
249 3672 323 3734 Ant
348 3669 436 3732 1063
466 3669 510 3732 ὼε
534 3671 574 3747 μὴ
599 3669 778 3746 ’μττολήεων
801 3669 858 3732 ἴεθτ
881 3671 938 3745 τήν
963 3669 1041 3746 ἐμὴν
1065 3671 1177 3750 φρένα,

68 3765 131 3832 Ρίτί1
146 3773 206 3836 253
231 3775 276 3837 ὼε
300 3776 400 3852 μηδὲν
425 3770 518 3835 εἰδότ’
534 3771 594 3836 teet
617 3771 647 3850 μ’
668 3771 715 3835 ὧν
739 3773 921 3849 ἀντετορεῑε.

139 3875 173 3938 Ιττ
196 3897 223 3940 v.
241 3879 307 3941 864
331 3877 449 3940 τούτου
469 3875 551 3956 (RV)
576 3875 722 3954 ’nprdpqv
745 3897 792 3940 εοτ
815 3877 941 3941 brodon
964 3877 1098 3953 ἁμαξίδα
1120 3895 1177 3959 pro

70 3977 159 4042 miror
179 3979 201 4045 S
225 3979 271 4046 ὅτ’
288 3979 434 4064 praebet
462 3977 551 4055 Quae
567 3977 686 4043 Suidae
709 3979 868 4060 scriptura
890 3978 1037 4043 Bentleio
1059 3984 1091 4042 et
1104 3979 1178 4043 Rei-

71 4077 130 4161 siglo
143 4082 270 4166 placuit,
295 4084 355 4166 qui
379 4101 495 4146 vocem
514 4081 561 4145 br'
578 4081 618 4145 ad
636 4086 713 4146 ποτέ
733 4103 760 4146 v.
779 4083 841 4146 861
863 4083 976 4146 referri
997 4083 1177 4146 voluerunt.

72 4179 115 4244 Sed
135 4205 202 4250 cnm
229 4207 295 4252 non
325 4185 434 4250 solum
463 4203 528 4248 non
557 4205 636 4268 opus
664 4185 706 4248 sit
734 4187 960 4250 coniunctione
984 4186 1040 4266 ὅτ’,
1064 4205 1178 4250 verum

71 4284 190 4368 inpedita
211 4297 311 4374 atque
332 4286 489 4371 languida
508 4287 567 4351 fiat
585 4289 694 4370 oratio,
718 4291 746 4352 si
766 4288 891 4352 duobus
911 4289 1057 4353 versibus
1081 4289 1178 4353 inter·
