3200 4918
274 429 482 498 Quaestiones
502 430 618 486 critiae
636 430 667 486 in
684 429 882 500 Aristophanis
902 430 1022 486 fabulas.
1182 425 1223 488 57

94 618 143 663 τοι
163 601 356 684 φάρμακον,
381 619 469 684 quae
492 603 635 666 maxime
653 602 862 685 desideratur,
886 603 972 667 hand
995 605 1041 668 ita
1058 603 1153 668 facile
1176 604 1225 666 in-

95 705 249 789 tellegitur.

169 808 207 872 In
231 827 263 872 ν.
284 809 373 872 1087
401 809 530 874 abactis
557 812 729 888 τρύγοιπος
753 815 854 875 ταῦτα
880 811 974 875 πάντ’
991 810 1106 876 ίάςεται
1129 811 1225 876 lectio

97 911 181 976 dest
192 913 299 978 πάντα
314 913 416 996 ταῦτ’,
433 911 533 977 s-It
547 913 648 978 ταῦτα
662 912 763 978 πάντ’.
788 913 930 990 Quarum
949 917 1066 979 neutra
1082 914 1226 978 numeris

99 1019 283 1082 adversatur.
316 1019 469 1101 Utraque
493 1021 601 1083 autem
624 1018 796 1083 verborum
819 1019 979 1102 positione
1002 1025 1129 1102 poetam
1152 1037 1227 1082 nos-

100 1129 176 1184 trum
196 1139 292 1184 usum
317 1139 390 1184 esse
414 1121 527 1184 multis
551 1119 704 1184 docemur
725 1117 813 1184 locis.
844 1121 927 1186 Satis
950 1121 1106 1185 habemus
1129 1121 1227 1186 hosce

100 1241 202 1289 tarsus
230 1225 350 1306 nitere,
382 1225 503 1307 quibus
533 1221 592 1288 RV
630 1225 663 1287 in
694 1225 806 1289 ordine
840 1224 1012 1288 verborum
1043 1221 1226 1288 exhibendo

100 1329 290 1411 conspirant:
316 1327 363 1392 Pl.
381 1330 445 1391 927
463 1327 691 1410 πάνταταῦτα,
717 1327 773 1410 tuq.
790 1329 832 1392 99
848 1329 952 1392 πάντα
966 1328 1063 1410 τουτί,
1088 1327 1147 1411 Vp.
1162 1329 1227 1392 514

101 1432 196 1495 πάντα
216 1432 318 1513 ταῦθ’,
350 1433 463 1496 contra
490 1430 533 1494 Pl.
551 1431 615 1494 516
642 1433 769 1495 τούτων
792 1430 932 1513 πάντων,
963 1431 1020 1513 qu.
1039 1431 1103 1494 176
1126 1435 1227 1496 ταῦτα

99 1535 208 1615 πάντα,
231 1537 290 1599 Αν.
308 1535 374 1597 756
396 1537 501 1598 rubro
523 1533 623 1598 πάντ’.
648 1533 750 1610 Quam
775 1533 815 1597 ob
835 1551 902 1597 rem
926 1534 966 1596 iis
990 1533 1078 1616 locis,
1109 1534 1227 1616 quibus

100 1635 221 1702 codices
243 1639 330 1701 inter
347 1655 383 1702 se
407 1637 600 1719 discrepant,
623 1637 652 1700 is
666 1636 841 1700 verborum
861 1636 938 1700 ordo
953 1635 1142 1701 retinendus
1158 1639 1227 1720 erit,

101 1739 155 1820 qui
169 1741 283 1804 maiore
302 1739 369 1804 fide
385 1739 524 1803 traditus
539 1745 595 1802 est.
619 1737 735 1802 Nostro
756 1739 855 1822 igitur
869 1739 939 1804 loco
961 1759 1035 1804 cum
1051 1740 1227 1806 editoribus

102 1839 262 1905 lechonem
281 1845 382 1906 ταῦτα
396 1841 494 1906 πάντ’
506 1843 599 1924 sequi
617 1859 682 1905 nou
702 1841 822 1923 dubito,
846 1845 968 1926 quippe
987 1861 1083 1926 quam
1102 1849 1229 1926 praeter

102 1939 267 2024 BSnidas,
290 1945 390 2008 Paris.
416 1947 457 2026 A,
481 1943 627 2008 Ambros
652 1941 685 2008 M
709 1944 890 2009 exhibeant.
924 1946 1062 2010 Accedit
1083 1947 1169 2029 quod
1193 1947 1228 2010 in

104 2043 330 2128 Vimquentes
353 2051 432 2110 suut
457 2046 626 2110 verborum
650 2049 922 2130 transpositiones,
952 2049 1115 2113 utstatim
1139 2049 1228 2114 vide-

104 2147 209 2213 bimus

187 2253 221 2316 Ιιι
244 2255 382 2318 Avium
414 2271 445 2317 ν.
469 2254 532 2316 692
568 2253 687 2318 εἰδότες
719 2253 827 2333 ὀρθῶς
861 2254 937 2332 παρ’
961 2253 1041 2333 ἐμοῦ
1075 2255 1227 2340 Προδίκῳ

106 2355 204 2420 κλάειν
224 2357 327 2436 simus
349 2359 387 2422 τὸ
413 2357 532 2422 λοιπόν
552 2355 690 2422 editores
708 2358 743 2420 in
763 2356 905 2421 diversas
923 2363 1030 2441 partes
1050 2358 1227 2442 discedunt,

105 2475 173 2520 cnm
188 2459 350 2543 Berghius,
367 2459 572 2542 Blaydesius,
588 2459 802 2524 Leeuwenius
822 2463 1013 2544 scripturam
1034 2461 1062 2522 V
1075 2462 1227 2546 Προδίκῳ

104 2559 262 2639 παρ’ἐμοῦ
286 2569 454 2644 tueantur,
478 2561 680 2645 Dindoriins,
705 2561 900 2646 MeinetiuS,
931 2563 1074 2628 Kochius
1098 2563 1228 2628 lectioni

103 2661 192 2729 s-it
212 2667 283 2744 παρ’
305 2667 386 2744 ἐμοῦ
411 2665 564 2749 Προδίκῳ
587 2666 686 2730 iidem
711 2667 855 2731 habeant
886 2666 1086 2750 Quamquam
1114 2671 1229 2732 neutra

102 2767 262 2832 verborum
291 2771 452 2853 positione
480 2771 606 2833 numeri
629 2770 800 2852 violantur,
830 2775 938 2834 tamen
966 2773 1125 2854 scriptura
1152 2771 1227 2850 uap’

101 2871 176 2946 ἐμοῦ
190 2873 342 2955 Προδίκῳ
358 2870 572 2956 praeferenda
589 2872 683 2937 nobis
702 2873 847 2950 videbun
868 2893 942 2938 nam
960 2873 1077 2937 librum
1090 2875 1121 2934 V
1132 2893 1228 2958 saepe

100 2973 262 3038 verborum
286 2975 435 3040 ordinem
460 2977 683 3041 immutantem
707 2977 984 3060 deprehendimus,
1010 2977 1150 3042 velutin
1167 2981 1227 3042 Αν.

100 3079 158 3140 675
174 3079 275 3164 άγαθῇ
291 3080 371 3162 τύχῃ
386 3099 447 3163 ρτο
463 3079 635 3163 τύχάγαθῇ,
652 3081 708 3164 idq.
723 3083 787 3146 508
807 3082 865 3160 ἔπη
883 3081 1033 3148 λέξοντας
1044 3101 1102 3165 pro
1120 3084 1228 3148 λέξον-

98 3199 150 3246 τας
172 3183 243 3260 ἔπη,
274 3184 362 3246 1046
391 3181 498 3261 τεῖχός
523 3181 583 3247 έςτι
611 3203 668 3266 pro
692 3183 752 3248 ἐςτι
775 3189 892 3266 τεῖχος,
920 3183 980 3248 Nb.
1002 3185 1067 3248 433
1092 3185 1227 3264 μεγάλας

99 3349 219 3424 γνώμας
247 3368 311 3413 sec.
331 3348 442 3412 Herw.
463 3367 520 3430 pro
543 3353 671 3428 γνώμας
695 3350 839 3432 μεγάλας,
864 3351 926 3414 481
953 3285 1035 3428 πρὸξ
1053 3355 1119 3414 τῶν
1143 3353 1228 3416 θεῶν

102 3461 215 3592 διανίιῆι
238 3531 302 3578 sec.
319 3511 430 3577 Herw.
448 3532 505 3597 pro
530 3517 607 3578 διατι.
624 3533 675 3592 πρ.
691 3535 718 3578 τ.
737 3519 773 3597 θ,
799 3514 882 3578 1407
901 3516 1076 3594 τέθριππον
1098 3515 1228 3593 τρέφειν

104 3632 152 3696 pro
172 3619 261 3696 τρέφ.
277 3617 374 3698 resp,
408 3615 497 3680 1508
520 3619 590 3681 παῖε
614 3615 712 3695 βάλλε
742 3635 804 3681 sec.
820 3615 928 3680 Hcrw.
944 3637 1001 3701 pro
1027 3619 1124 3696 βάλλε
1147 3622 1228 3699 παῖε,

104 3715 150 3782 Pa
162 3721 221 3784 287
245 3723 337 3785 ταυτὶ
357 3719 471 3799 λαβὼν
494 3737 552 3801 pro
576 3723 643 3799 λαβ.
659 3739 694 3799 r,
721 3719 785 3783 560
808 3725 844 3800 τῇ
865 3725 929 3803 θεῷ
949 3723 1081 3799 πρῶτον
1099 3737 1157 3802 pro
1176 3739 1228 3799 πρ.

102 3841 125 3884 τ,
139 3827 169 3898 θ,
194 3825 280 3888 1175
303 3825 361 3905 δέῃ
382 3823 419 3886 δέ
439 3843 506 3884 που
524 3839 582 3904 pro
602 3823 637 3886 δέ
656 3841 720 3886 που
741 3825 805 3906 δὲῃ,
825 3819 871 3886 Pl.
889 3823 929 3886 57
954 3821 1039 3886 πάνυ
1065 3823 1145 3900 ταχύ
1169 3839 1228 3905 pro

103 3929 168 4005 ταχύ
188 3929 288 4009 πάνυ,
317 3925 383 3989 132
410 3925 495 3988 ἐςτίν
519 3923 537 3986 ὁ
561 3925 709 4004 παρέχων
732 3945 789 4008 pro
814 3925 833 3988 ὁ
857 3945 930 4004 παρ.
948 3925 984 4007 ἐ.,
1009 3925 1074 3989 426
1100 3947 1137 4004 με
1159 3927 1229 3990 τίνα

103 4045 148 4112 pro
167 4033 234 4096 τίνα
259 4051 307 4112 με,
333 4029 403 4092 459
421 4029 481 4104 τῆς
497 4029 603 4091 πενίας
619 4029 776 4107 πτωχείαν
792 4047 849 4111 pro
865 4033 921 4106 τῆς
937 4047 1035 4107 πτωχ.
1052 4047 1129 4110 πεν,
1155 4029 1228 4110 507,

101 4131 159 4214 629,
179 4137 251 4216 747,
270 4133 351 4215 867,
369 4131 451 4210 870,
468 4129 542 4208 940,
562 4129 635 4212 969,
653 4131 726 4212 979,
745 4131 840 4212 1087,
859 4133 954 4212 1173,
973 4131 1067 4214 1196,
1091 4131 1146 4196 Ra.
1164 4133 1227 4195 847

97 4244 189 4306 παῖδες
212 4241 376 4320 μέλαιναν
397 4251 460 4317 pro
487 4231 603 4309 μέλανα
625 4237 743 4316 παῖδες,
763 4235 857 4316 1035,
877 4235 972 4316 1403,
989 4232 1147 4318 vp.1445
1166 4235 1229 4299 ἐπι-

95 4345 228 4424 ιιληιῆρεε
255 4342 416 4418 λείψουςι
444 4351 503 4417 pro
527 4337 677 4414 κλητῆρες
702 4337 905 4416 ἐπιλείψουςι.
