3308 4938
158 366 343 435 Quaestiones
354 367 559 424 Tertullianeae
572 368 609 423 ad
621 369 723 423 librum
735 369 878 425 Adversus
889 370 1018 426 Praxean
1027 372 1207 440 pertinentes.
1244 369 1286 430 83

154 541 192 639 'ut
203 539 272 622 ipse
286 539 379 603 modo
393 538 519 603 dixerat
530 537 687 622 (260t23),
698 541 795 605 ‘sicut
807 542 953 606 nationes
965 542 1114 607 manibus
1126 531 1170 608 its
1182 547 1214 609 et
1225 547 1287 629 ipsi

158 641 263 706 verbis
279 640 365 706 idola
379 640 588 724 fabricantur,
603 643 638 706 id
654 648 703 707 est
718 644 818 708 alium
834 644 930 709 deum
944 647 976 709 et
990 645 1088 710 alium
1103 645 1286 712 Christum!

158 745 262 822 Quare
274 745 519 828 Kroymannum
538 747 668 830 quidem
686 767 750 811 nou
765 767 896 830 sequen
914 749 1028 812 melior
1044 750 1287 814 essetRhenani

157 849 346 914 coniectura
368 848 479 932 ‘quin’‚
504 848 561 913 sed
585 869 645 914 cur
667 853 785 932 augeat
807 851 861 914 hic
885 851 949 914 vim
973 853 1126 916 cretionis
1150 855 1288 936 scriptor

157 971 220 1016 non
243 951 348 1034 vide0,
372 953 560 1036 praesertim
584 973 659 1018 cum
682 953 722 1017 ed
746 953 972 1038 praecedentia
995 955 1092 1020 verba
1117 955 1203 1021 ‘cum
1223 977 1286 1040 quo

156 1055 279 1120 caelum
313 1056 401 1120 solus
432 1055 593 1120 extendit'
622 1057 780 1140 respiciat.
824 1057 970 1122 Fortasse
1003 1059 1131 1142 scripsit
1162 1059 1286 1123 Tertul-

154 1158 276 1222 lianus:
295 1159 444 1238 ‘Qui<a>
461 1163 493 1224 et
508 1160 570 1224 boo
586 1160 707 1224 dictum
725 1161 794 1224 eius
812 1160 847 1222 in
867 1164 1092 1243 argumentum
1110 1161 1282 1245 singulari-

155 1264 227 1326 tatis
257 1264 427 1346 arripient:
457 1261 693 1328 extendi
717 1263 822 1326 solus
850 1263 898 1342 (ec.
920 1261 992 1326 dico
1015 1283 1047 1328 so
1069 1284 1140 1350 sape
1162 1263 1211 1328 ich
1234 1262 1284 1328 vel

155 1365 231 1430 audi
254 1387 287 1431 so
309 1366 408 1448 birci:
434 1368 623 1448 quantum..
642 1367 682 1430 ..⁸
1201 1432 1205 1441 ,

244 1468 347 1551 Pergo
372 1468 412 1532 ad
435 1469 612 1551 sequentia,
636 1487 772 1551 quorum
798 1469 878 1533 haec
902 1471 952 1531 est
969 1470 1144 1534 sententia:
1170 1473 1283 1534 auctor

155 1573 327 1654 praestruit
346 1609 388 1618 -
407 1575 444 1634 ut
461 1571 649 1636 Tertulliani
669 1559 740 1635 utar
759 1571 866 1635 verbis
885 1608 928 1618 -
948 1575 1059 1636 contra
1083 1572 1285 1636 coniecturas

156 1673 398 1755 haereticomm
419 1675 475 1758 qui
494 1674 652 1738 mundum
671 1673 710 1738 ab
730 1675 854 1758 angelis
871 1679 903 1737 et
920 1675 1130 1757 potestatibus
1147 1674 1284 1740 diversis

154 1777 267 1841 volunt
285 1781 452 1859 structum,
472 1781 504 1842 et
523 1779 579 1860 qui
599 1797 700 1842 unum
719 1781 896 1843 creatorem
916 1781 973 1840 aut
991 1779 1142 1861 angelum
1160 1778 1287 1844 iaciunt

154 1883 210 1944 snt
232 1881 271 1944 ab
295 1881 403 1964 aliquo
428 1881 489 1945 alic
513 1880 553 1944 ad
577 1879 753 1944 creandum
772 1879 928 1944 mundum
948 1879 1166 1945 subornatum.
1195 1881 1285 1947 Bene

154 1983 193 2046 ad
223 1987 370 2048 nostrum
400 1985 508 2048 locum
540 1983 676 2066 quadrat
702 1983 829 2048 Irenaei
860 1983 978 2046 Contra
1007 1983 1157 2048 haereses
1181 1984 1196 2046 I
1217 2010 1282 2066 rar

154 2087 274 2173 (Mipne
290 2088 319 2168 7,
337 2109 370 2173 p.
389 2089 481 2168 669t:
508 2087 600 2150 ‘Cum
628 2092 795 2150 teneamus
818 2088 925 2150 autem
950 2104 1009 2148 nos
1034 2085 1175 2168 regulam
1202 2088 1284 2150 veri-

154 2191 234 2270 tatis,
259 2189 292 2253 id
317 2197 373 2272 est,
397 2192 474 2274 quia
496 2192 539 2254 sit
563 2209 647 2254 unus
671 2189 982 2273 deusomnipotens,
1006 2189 1063 2270 qui
1082 2189 1189 2252 omnia
1209 2207 1284 2252 con-

155 2290 234 2355 didit
257 2311 316 2376 per
339 2293 471 2357 verbum
497 2312 601 2373 suum,
626 2297 658 2355 et
680 2292 809 2376 aptavit,
833 2295 866 2355 et
884 2292 962 2356 iecit
980 2309 1022 2355 er
1041 2309 1088 2372 ec,
1112 2289 1199 2372 quod
1217 2311 1283 2355 non

155 2407 228 2474 eret,
255 2395 298 2460 ed
326 2396 388 2460 hoc
412 2400 449 2460 ut
471 2396 537 2459 sint
559 2394 674 2474 omnia,
703 2392 975 2476 quemadmodum
1002 2395 1160 2477 scriptura
1188 2393 1282 2458 dicit:

153 2497 275 2562 Verbo
300 2499 397 2563 enim
423 2499 567 2562 domini
590 2497 689 2561 caeli
713 2497 933 2561 confirmati
957 2499 1059 2578 sunt,
1083 2501 1120 2560 et
1142 2495 1283 2580 spiritu

152 2602 230 2664 oris
259 2603 343 2665 eius
372 2603 494 2665 omnis
523 2603 647 2666 virtus
672 2623 816 2681 eorum;
848 2604 1035 2668 etiterum:
1066 2603 1200 2666 Omnia
1222 2622 1285 2687 per
1320 2603 1322 2608 ’

152 2705 276 2788 ipsum
304 2705 533 2786 factasunt,
562 2710 598 2770 et
621 2707 704 2771 sine
728 2707 811 2790 ipso
835 2709 979 2771 iactum
1004 2705 1200 2770 estnihil:
1230 2711 1283 2786 (ex

152 2807 301 2871 omnibus
325 2811 432 2870 autem
456 2808 537 2870 nihil
560 2809 760 2873 subtractum
785 2817 850 2888 est3
880 2809 937 2874 sed
961 2809 1069 2872 omnia
1092 2828 1149 2892 per
1176 2810 1283 2892 ipsum

151 2911 229 2976 fecit
252 2915 349 2995 pater,
372 2913 440 2976 sive
460 2911 607 2992 visibilia,
631 2914 699 2976 sive
718 2911 902 2992 invisibilia,
927 2912 995 2976 sive
1019 2910 1191 2993 sensibilia,
1213 2913 1282 2976 sive

152 3013 381 3098 intellegibilis,
405 3015 473 3078 sive
492 3015 679 3097 temporalia
699 3021 828 3099 propter
848 3014 1009 3097 quandam
1029 3015 1281 3098 dispositionem

152 3117 220 3181 sive
244 3118 447 3200 sempiterna,
471 3120 504 3181 et
527 3118 651 3199 aeonia)
675 3137 738 3182 non
762 3137 820 3201 per
843 3117 983 3200 angelos,
1008 3137 1114 3200 neque
1137 3137 1196 3201 per
1219 3119 1283 3180 vir-

152 3225 235 3284 tutes
268 3219 392 3302 aliquas
425 3219 583 3284 abscissas
616 3220 655 3284 ab
688 3220 759 3285 eius
791 3221 967 3298 sententia;
1002 3219 1076 3282 ...’
1109 3220 1282 3302 praecipue

152 3325 258 3386 autem
278 3341 352 3385 cum
369 3323 487 3384 nostris
504 3321 611 3384 verbis
629 3321 779 3405 congruit
793 3319 870 3384 ibid.
887 3321 995 3404 lirae
1011 3321 1280 3408 (Mipncp.841):

152 3423 321 3502 ‘Quoniam
349 3427 457 3489 autem
485 3424 580 3489 dictis
609 3426 727 3489 noeais
755 3429 912 3489 consonat
938 3424 1133 3508 praedicatio
1156 3429 1282 3508 aposto-

151 3527 255 3592 tcmm
279 3531 312 3593 et
334 3527 455 3592 domini
480 3529 699 3612 magisterium
723 3532 755 3592 et
778 3528 1006 3611 prophetarum
1028 3527 1231 3592 annuntiatio
1251 3532 1283 3593 et

150 3632 365 3716 apostotorum
394 3632 525 3696 dicmtio
554 3635 586 3696 et
614 3632 824 3715 legislationis
853 3632 1044 3696 ministratio
1073 3651 1173 3695 unum
1203 3632 1297 3696 eun·'

151 3733 288 3818 demque
319 3737 463 3798 omnium
493 3735 589 3799 deum
620 3740 743 3818 patrem
775 3733 991 3811 laudantium;
1025 3739 1056 3797 et
1086 3753 1151 3798 non
1178 3734 1281 3798 alium

150 3839 246 3919 atque
266 3837 372 3918 alium,
389 3856 495 3920 neque
512 3857 553 3902 ex
571 3837 707 3902 diversis
723 3837 790 3900 diis
807 3841 863 3902 aut
878 3837 1052 3901 virtutibus
1068 3836 1280 3902 substantiam

150 3938 338 4005 habentem:
369 3941 425 4006 sed
455 3961 495 4006 ex
524 3961 590 4005 uno
619 3944 652 4004 et
679 3941 793 4005 eodem
821 3947 910 4024 patre
934 3941 1041 4004 omnia
1074 3939 1145 4026 (qui
1172 3942 1280 4004 tamen

149 4045 238 4126 aptat
262 4043 443 4107 secuudum
473 4043 709 4110 subiacentium
740 4049 870 4108 naturas
899 4047 931 4107 et
957 4042 1212 4126 dispositionem)
1243 4045 1280 4106 et

150 4165 273 4230 neque
297 4145 341 4210 ab
365 4147 515 4230 angelis
539 4167 663 4231 neque
687 4147 730 4211 ab
754 4147 831 4210 alia
855 4146 1013 4228 quadam
1039 4145 1195 4226 virtute,
1221 4143 1278 4208 sed

149 4249 258 4314 asolo
283 4249 343 4314 deo
368 4257 456 4333 patre
481 4251 621 4315 visibilia
644 4259 740 4334 atque
764 4249 940 4314 invisibilia
962 4251 994 4314 et
1012 4249 1121 4312 omnia
1138 4248 1278 4330 omnino,

1117 4373 1155 4427 6*
