2962 4778
297 114 340 175 48
660 115 797 185 Ludwig
814 116 1062 184 Rosenmcyer,

298 294 420 375 patrem
447 293 554 355 autern
578 289 729 373 spiritum
752 337 822 369 ...‚
849 287 883 349 id
907 290 957 351 θεῖ
981 287 1168 352 Christum’.
1201 288 1245 352 Ita
1263 306 1327 371 quae
1341 286 1374 348 ott

298 393 338 458 de
362 394 437 458 Ιθεα
464 396 554 478 parte
586 392 734 457 confecta
763 411 851 455 nnnc
875 390 983 455 denuo
1013 392 1131 474 incipit
1153 400 1271 456 auctor:
1290 391 1379 471 ‘ltaque

299 497 463 560 Christum
485 497 567 560 facis
590 502 727 579 patrem:
751 495 826 560 Alsa
848 516 919 576 ¹zum
942 494 1039 560 Vatcr
1062 495 1179 560 mactat
1201 497 1243 560 du
1263 490 1383 558 ctruo’.

299 599 445 663 Christus
465 619 531 662 non
549 605 598 662 θεῖ
616 598 741 678 nomen,
765 596 823 661 sed
842 597 1021 680 appellatio,
1046 596 1190 661 ‘unctus'
1208 596 1389 679 significatur:
1478 639 1479 642 η

299 701 428 765 ‘unctus
458 705 567 766 autem
590 721 655 764 non
685 701 787 784 magis
817 718 934 764 nornen
959 706 1009 763 est
1031 719 1129 782 quam
1160 700 1294 778 vestitur,
1319 715 1395 780 quan
1478 745 1479 748 η

299 805 461 887 calciatus
486 805 599 882 <sed>
612 807 633 884 ¹)
657 802 807 868 accidens
830 804 954 867 nomini
973 804 1046 867 res?
1080 803 1152 866 Iam
1175 804 1273 887 pergit
1292 803 1396 864 auctor:

298 909 373 974 oder
398 909 533 974 wvtrdest
560 909 612 989 du,
640 929 729 972 worm
752 907 843 972 Jesua
869 928 927 971 aus
953 908 1067 992 irqond
1094 910 1193 972 eiam
1219 905 1332 971 Grande
1345 903 1403 966 den

298 1012 470 1077 Beinamea
495 1013 629 1074 vestitus
651 1010 760 1094 saihsto
787 1011 932 1092 (vestitus
953 1018 1093 1096 yenannt
1117 1011 1246 1092 warde),
1269 1009 1341 1074 ἄθεα
1355 1005 1405 1069 Its

301 1114 393 1195 Sota,
417 1115 554 1179 vestitus
577 1114 624 1179 als
645 1113 741 1178 ναῖον
763 1113 958 1178 batrachion?
992 1112 1085 1189 Quod
1110 1134 1128 1176 a
1152 1112 1340 1194 Kroymanno
1355 1110 1402 1170 iu·
1473 1133 1474 1140 ¹

300 1224 421 1280 sertum
435 1223 484 1281 θεῖ
494 1218 626 1299 (Itaque
635 1216 804 1296 Christus')
816 1215 924 1280 turbat
935 1219 1129 1280 sententiam
1138 1225 1266 1299 propter
1275 1229 1397 1296 sequeus:

301 1319 471 1402 ‘quomodo
503 1320 650 1384 Christus
681 1319 720 1384 ab
751 1320 913 1384 unctionis
943 1321 1164 1383 sacramento'.
1203 1320 1287 1383 Tunc
1312 1319 1397 1381 auctor

301 1426 487 1505 sententiae,
516 1443 599 1506 quae
626 1424 664 1487 ab
690 1424 751 1487 ‘an’
775 1424 899 1507 incipit,
923 1425 1055 1507 opponit
1078 1423 1186 1487 ‘Nunc
1211 1423 1249 1487 de
1272 1417 1391 1486 Christo’:
1451 1429 1452 1433 ’

308 1527 407 1592 Wevm
429 1549 463 1592 or
487 1527 562 1592 noch
585 1528 645 1592 den
668 1527 840 1592 Beincmen
864 1528 999 1590 vestitus
1024 1534 1121 1613 trrtqe,
1150 1528 1280 1592 mtrdost
1303 1526 1339 1589 ria
1353 1520 1392 1583 dor

301 1629 385 1694 nicht
402 1637 465 1694 tun.
494 1629 527 1695 N
533 1652 581 1694 un
599 1651 679 1694 zum
697 1630 900 1695 Boinomen
921 1629 1110 1695 Christus:
1131 1631 1257 1713 passiva
1272 1629 1322 1691 illa
1334 1622 1390 1688 notio

302 1733 479 1815 ‘Christus',
507 1732 540 1795 id
570 1738 618 1796 θεῖ
640 1735 767 1814 unctus,
795 1733 942 1816 postulat,
970 1739 1007 1796 ut
1030 1733 1113 1796 alius
1137 1735 1188 1813 sit
1213 1735 1267 1815 qui
1288 1733 1355 1811 agat
1372 1719 1393 1786 id

303 1843 351 1900 est
380 1842 494 1918 ungat3
527 1855 623 1917 quem
653 1838 775 1918 patrem
803 1854 874 1900 θεεθ
902 1835 1011 1898 multis
1039 1838 1117 1899 novi
1144 1837 1320 1900 testamenti
1343 1829 1397 1895 locis

302 1939 415 2023 probat
443 1941 568 2016 auctum
598 1958 696 2021 quare
724 1947 816 2022 poter
843 1959 908 2002 non
932 1942 980 2003 θεῖ
1004 1938 1162 2020 Christus,
1186 1939 1243 2004 sed
1266 1940 1349 2003 Iesus
1367 1935 1403 1998 θεῖ
1463 1926 1481 1984 ἦ

303 2043 458 2123 Christus,
484 2042 632 2106 Christus
656 2049 705 2106 θεῖ
727 2042 829 2105 Ιθεαε.

392 2145 459 2208 Iam
484 2152 648 2209 vertamur
671 2144 711 2208 ad
735 2146 834 2209 finem
865 2145 994 2228 capitis:
1023 2141 1412 2226 (28552—485‘21)‘0erto‚

303 2267 344 2312 ne
363 2268 421 2331 per
440 2249 548 2312 omnia
566 2267 747 2330 evagemur,
772 2249 837 2330 qui
860 2249 1069 2312 suscitavit
1093 2248 1291 2314 Christum
1314 2247 1416 2312 susci-

303 2354 454 2414 taturus
479 2350 550 2436 [est]
575 2353 612 2415 et
633 2351 809 2414 mortalia
833 2371 995 2434 corpora
1018 2354 1152 2415 nostra
1171 2360 1334 2434 tamquam
1351 2351 1421 2414 alius

303 2453 410 2534 (PMF,
434 2454 564 2536 iamque
584 2453 666 2517 alius
684 2454 759 2538 Biyt
783 2453 845 2517 erit
867 2455 1039 2517 suscitator
1057 2474 1153 2536 quarn
1171 2462 1271 2538 pater,
1292 2464 1425 2518 mortuus

304 2558 336 2619 θῖ
359 2555 472 2641 [pater]
497 2557 678 2636 suscitatus,
702 2557 730 2619 si
756 2556 911 2637 Christus
940 2557 997 2639 qui
1019 2559 1068 2620 est
1092 2561 1249 2638 mortuus,
1274 2564 1364 2642 pater
1385 2559 1428 2621 θεῖ

303 2658 385 2740 (PM,
409 2665 501 2743 pater
523 2659 578 2738 1⁴¹)ss
602 2659 651 2722 Ita
674 2660 816 2722 restituit
839 2661 1029 2723 sententiam
1048 2659 1291 2742 Kroymannus.
1316 2662 1362 2726 Cf.
1378 2661 1430 2744 Ep.

304 2762 394 2826 Rom.
403 2763 484 2825 VIII
497 2785 541 2826 11:
559 2762 577 2824 ὁ
594 2762 713 2841 ἐγείρας
727 2764 843 2841 ’acono
857 2758 987 2841 Xcrcrhv
999 2763 1033 2825 ἐκ
1045 2770 1170 2841 νεκρῶν
1183 2768 1373 2848 (monotheo
1388 2766 1433 2827 καὶ

303 2867 342 2929 τὰ
354 2867 453 2943 θνητὰ
466 2870 593 2944 θώματα
609 2866 707 2942 ὑμῶν.
731 2865 826 2928 Prius
839 2865 908 2928 ‘est’
924 2864 1151 2945 Kroymannus
1163 2865 1248 2930 bene
1262 2868 1433 2950 expunxit

305 2988 364 3051 ego
375 2969 470 3032 ctiam
480 2968 663 3050 ‘tamquam’
673 2987 859 3051 expungere
866 2969 976 3032 velim:
991 2970 1103 3032 ‘certe
1114 3019 1136 3032 ..
1149 2971 1215 3052 qui
1230 2971 1437 3035 suscitarit

306 3071 500 3134 Christum
517 3072 780 3135 suscitaturus
794 3069 865 3157 [est]
880 3075 916 3136 et
931 3072 1112 3135 mortalia
1128 3093 1294 3157 corpora
1307 3079 1437 3138 nostra

305 3173 492 3259 [tamquam]
517 3175 599 3238 alius
619 3175 680 3238 orit
697 3176 868 3238 suscitator
887 3195 982 3257 quam
1001 3179 1107 3259 patcr3
1133 3183 1267 3255 <nam>
1294 3184 1439 3241 mortuus

306 3278 396 3358 pater
415 3284 446 3340 ct
465 3279 685 3358 suscitatum),
705 3278 732 3340 si
753 3277 908 3359 Christus
932 3279 987 3361 qui
1008 3282 1057 3342 est
1075 3282 1234 3361 mortuus
1258 3285 1353 3364 pater
1372 3281 1438 3344 θεῖ’

306 3377 416 3442 Adicit
439 3383 552 3443 auctor
576 3380 618 3444 ‘et
641 3381 834 3463 suscitatus,
859 3382 935 3463 quia
959 3381 998 3444 de
1022 3382 1137 3446 haere
1161 3384 1271 3466 agitur
1292 3389 1326 3448 et
1344 3385 1440 3468 parti·

306 3483 426 3564 cipium
454 3483 619 3565 passivum
642 3487 714 3548 voci
740 3484 933 3548 ‘suscitator’
960 3485 1139 3567 opponitur.
1185 3485 1251 3549 Sed
1283 3488 1439 3551 contnuo

306 3586 393 3648 tione
416 3584 511 3648 ‘nam’
534 3586 670 3650 fortasse
693 3606 774 3669 opus
794 3607 858 3650 non
878 3593 942 3666 θεῖς
974 3587 1034 3651 hoc
1057 3591 1184 3651 tantum
1204 3591 1285 3653 satis
1310 3597 1440 3675 apparet

306 3689 498 3752 sententiam
522 3688 678 3752 ‘mortuus
702 3696 792 3773 pater
815 3696 846 3754 et
869 3691 1051 3771 suscitatus
1075 3692 1103 3753 si
1128 3691 1288 3773 Christus
1314 3695 1370 3776 qui
1395 3697 1443 3757 est

307 3794 460 3871 mortuus,
485 3794 575 3873 pater
598 3793 657 3854 θεῖ’
681 3811 739 3875 per
761 3813 795 3856 εθ
820 3813 890 3857 θεεθ
913 3795 1056 3876 positam.

401 3935 418 4001 ι)
436 3934 532 3988 Potest
542 3933 627 3988 etiarn
638 3935 736 3988 scribi:
747 3936 842 4004 ‘quarn
854 3935 1003 3989 calciatus:
1014 3935 1148 3991 accidens
1158 3939 1267 3992 nomini
1279 3957 1327 3994 res
1338 3941 1442 4005 <est>’.

399 4021 418 4086 ²)
437 4018 610 4087 Transposui
629 4035 727 4073 vocem
746 4021 844 4089 ‘pater’
863 4021 996 4089 quoniam
1015 4021 1042 4074 vi
1063 4021 1187 4090 quadarn
1208 4023 1339 4079 iteratur.
