3248 4910
381 355 424 418 46
807 362 841 415 M.
861 361 1088 430 Heinemann,

380 533 545 612 Ἑλλήνων
569 535 736 613 νικώμενοι
848 533 941 598 άπιδε
964 535 1047 614 πρὸς
1068 535 1126 599 τὰς
1149 535 1260 616 μάχας,
1284 533 1315 598 ol
1339 536 1397 612 μὲν
1423 537 1522 595 πολο-

380 639 475 702 τελεῑς
498 637 548 701 καὶ
570 641 681 717 χρυςοῑ
702 640 770 702 τοῖς
790 637 901 702 ὅπλοις
925 638 1062 702 λείπουςι
1080 639 1136 702 τὰς
1160 639 1269 718 τάξειε,
1295 641 1381 716 ἡμεῖς
1407 635 1440 701 δ’
1458 636 1522 713 dpa-

381 740 528 817 ττεύομεν
545 745 577 805 ct
593 739 763 804 Libanium
782 739 834 804 λι
850 759 880 823 p.
894 741 958 804 980
967 759 1030 823 sq.:
1054 741 1096 824 (οἱ
1116 741 1270 823 πλοὺςιοι)
1291 744 1342 805 καὶ
1364 742 1522 820 φεύγοντι

382 845 430 908 καὶ
454 843 531 908 οὐδὲ
558 844 616 908 τὸν
640 843 761 908 κτύπον
784 843 976 922 ὑπομένοντι
1003 849 1069 909 τῶν
1093 845 1237 909 άςπίοων
1355 843 1480 922 Ξέρξης
1504 841 1521 903 ὁ

380 951 437 1025 τῆς
454 948 549 1013 Ἀτίας
569 947 732 1030 δεςπὸτηε,
753 947 772 1012 ά
792 951 971 1026 μεταποιῶν
991 951 1048 1026 τὴν
1067 951 1128 1026 γῆν
1146 967 1180 1014 τε
1199 951 1249 1012 καὶ
1269 947 1445 1026 θάλαςςαν,
1469 943 1521 1008 ὑπ’

380 1049 511 1128 ἀνδρῶν
544 1049 661 1126 ὀλίγων
693 1050 855 1128 ἠλαύνετο.
895 1048 967 1126 Qua
1000 1048 1039 1114 de
1073 1069 1171 1116 causa
1202 1051 1444 1116 Philostratum
1477 1049 1523 1111 illi

381 1151 545 1236 epistulae,
562 1173 625 1236 qua
642 1153 682 1218 de
698 1173 806 1218 amore
821 1154 972 1236 pauperis
988 1155 1062 1236 agit,
1081 1154 1231 1220 similiter
1246 1161 1344 1238 atque
1361 1152 1521 1238 epistulis,

381 1255 500 1338 quibus
513 1275 653 1321 amorem
666 1257 828 1341 peregrini
840 1258 962 1338 tractat,
978 1261 1154 1323 sententias
1166 1259 1258 1322 libris
1270 1259 1451 1339 rhetorum,
1468 1256 1522 1338 qui

381 1359 421 1424 de
440 1363 626 1444 paupertate
650 1359 859 1443 disserebant,
884 1361 1008 1426 debitas
1031 1362 1209 1426 inseruisse
1231 1360 1447 1425 manifestum
1467 1367 1522 1422 est

471 1463 567 1528 Nunc
578 1463 732 1548 epistulas
744 1465 786 1528 24
797 1465 863 1546 (54)
879 1469 910 1528 et
921 1465 962 1528 25
974 1466 1041 1548 (55)
1050 1467 1234 1546 tractemus,
1250 1463 1369 1547 quibus
1379 1481 1521 1546 puerum

381 1566 432 1630 vel
456 1566 596 1651 puellam
621 1566 660 1631 de
679 1569 726 1631 ira
746 1567 900 1632 desistere
920 1567 1010 1632 iubet
1034 1577 1067 1633 et
1086 1569 1228 1652 exponit,
1252 1573 1458 1650 quantopere
1477 1567 1522 1628 irs

380 1669 617 1754 pulchritudini
631 1675 753 1736 noceat.
777 1670 898 1735 Notum
915 1677 963 1736 est
979 1675 1013 1736 et
1028 1671 1242 1755 philosophos,
1260 1691 1401 1754 quorum
1418 1669 1521 1746 alteri,

381 1773 611 1857 Peripateticos
642 1772 714 1838 dico
745 1776 778 1837 et
805 1773 990 1858 Epicureos
1021 1775 1102 1838 iram
1133 1773 1319 1838 hominibus
1348 1779 1520 1858 propteroa

381 1876 533 1960 prodesse
546 1875 727 1958 adfirmant,
743 1874 830 1958 quod
842 1876 1024 1940 tortitudini
1039 1877 1204 1962 augendae
1216 1878 1401 1961 prospiciat,
1419 1876 1520 1950 alteri,

380 1979 480 2045 Stoici
496 1981 629 2062 scilicet,
646 1980 732 2045 illam
752 1999 912 2045 summum
933 1981 1053 2046 malum
1073 2001 1144 2046 esse
1163 1981 1374 2063 contendunt,
1395 1987 1431 2046 et
1451 1980 1521 2044 rhe

380 2085 475 2164 toreS,
501 2085 537 2147 ut
559 2083 730 2147 Libanium
750 2085 835 2166 (tom.
852 2083 899 2147 IV
915 2103 944 2168 p.
963 2085 1028 2148 984
1047 2084 1095 2148 ed.
1116 2083 1254 2166 Reislre),
1278 2084 1318 2148 do
1341 2083 1391 2147 ira
1416 2101 1519 2166 agera.

471 2187 516 2250 Ut
532 2187 715 2251 accuratius
734 2188 965 2268 examinemus
985 2188 1073 2270 quali
1092 2207 1110 2251 e
1128 2187 1219 2251 fonte
1239 2185 1520 2270 epistolographus

379 2287 533 2371 hauserit,
554 2289 709 2354 Senecam
730 2290 870 2373 primum
889 2291 1110 2373 inspiciamus,
1129 2290 1185 2371 qui
1205 2287 1256 2352 ‘de
1275 2289 1333 2352 ira'
1358 2287 1374 2352 1
1398 2289 1427 2368 1,
1447 2289 1467 2350 3
1492 2295 1520 2350 st

379 2391 414 2456 H
430 2393 482 2474 35,
499 2395 607 2475 3sqq.,
624 2412 720 2475 quam
740 2393 844 2476 turpis
861 2393 937 2456 irati
953 2393 1053 2456 iacies
1068 2393 1135 2474 fiat,
1155 2391 1316 2456 describit.
1342 2389 1518 2474 Compares

380 2493 565 2558 Philostrati
595 2494 765 2578 epistulam
793 2495 835 2558 24
860 2497 942 2576 (54lz
969 2495 987 2560 ὁ
1012 2495 1217 2576 Ἀγαμέμνων,
1247 2494 1300 2558 ὅτε
1328 2497 1388 2572 μὲν
1420 2494 1518 2572 ὀργῆς

380 2595 513 2680 ἐκράτει,
537 2599 634 2661 καλὸς
658 2597 696 2676 ἠν
721 2603 753 2661 et
776 2598 818 2660 25
834 2600 918 2679 (55):
946 2600 986 2677 μὴ
1010 2601 1141 2678 τραχεῖα
1164 2599 1287 2678 γίγνου,
1313 2598 1353 2674 μὴ
1379 2595 1516 2674 φοβερά

380 2701 421 2777 μή
445 2699 625 2780 άποςτεροῦ
643 2701 681 2764 τὸ
705 2701 822 2765 κάλλος
845 2705 877 2764 et
899 2699 1080 2782 Libanium,
1104 2701 1159 2783 qui
1179 2699 1298 2783 etipse
1317 2699 1337 2762 l.
1355 2717 1381 2763 c.
1399 2699 1516 2762 faciem

379 2802 453 2866 irati
466 2803 620 2887 depingit
643 2803 711 2867 Iam
725 2823 765 2868 ex
779 2823 825 2886 eo,
844 2803 930 2887 quod
943 2804 1117 2885 attulimus,
1133 2803 1276 2885 intellegi
1290 2805 1398 2886 potest
1409 2801 1516 2866 Philo-

379 2907 514 2969 stratum
534 2925 553 2970 e
571 2906 662 2970 fonte
684 2907 855 2988 rhetorica,
879 2907 972 2972 cuius
991 2913 1103 2972 auctor
1121 2911 1348 2989 argumentum
1371 2925 1392 2968 a
1415 2903 1516 2988 philo

379 3008 489 3091 sophis
507 3009 644 3092 repetiit,
663 3009 820 3074 hausisse.
849 3009 941 3086 Quod
960 3009 1005 3073 ita
1023 3029 1058 3073 se
1078 3007 1194 3072 habere
1214 3026 1254 3072 ex
1274 3005 1394 3088 Ovidii,
1420 3005 1515 3070 disci·

378 3111 448 3194 puli
464 3112 638 3193 rhetorum,
654 3113 744 3176 Artis
757 3115 940 3178 Amatoriae
956 3133 1006 3176 vv.
1019 3113 1070 3176 Ill
1084 3112 1259 3177 503-508
1276 3111 1513 3194 cognoscimus.

378 3209 562 3293 Postquam,
587 3211 748 3293 quomodo
772 3213 820 3276 ira
842 3213 940 3277 faciei
963 3213 1085 3294 noceat,
1108 3211 1232 3276 verbis:

542 3321 606 3386 Ora
629 3325 755 3387 tument
777 3324 833 3406 ira,
857 3325 1045 3407 nigrescunt
1067 3323 1224 3406 sanguine
1247 3341 1358 3403 venae,

595 3424 733 3490 Lumina
757 3426 925 3508 Gorgoneo
949 3427 1077 3492 saevius
1100 3427 1174 3510 igno
1196 3427 1325 3506 micant,

377 3535 527 3600 similiter
556 3556 594 3600 ao
623 3535 744 3602 Seneca
771 3537 804 3601 Π
828 3539 879 3621 35,
900 3541 919 3602 3
948 3541 981 3602 et
1007 3539 1072 3620 Il,
1093 3539 1127 3619 4,
1151 3535 1333 3620 descripsit,
1362 3533 1510 3618 exemplo

378 3636 519 3702 Palladis
537 3637 657 3721 tibiam,
682 3658 765 3722 quae
782 3639 891 3705 vultus
910 3641 981 3705 eius
1001 3640 1165 3722 deformet,
1188 3639 1223 3702 in
1242 3641 1345 3722 ripam
1363 3638 1511 3703 iacientis

379 3741 482 3805 utitur
505 3741 605 3824 (Artis
621 3743 724 3806 Amat.
749 3761 777 3807 v.
794 3743 844 3806 III
864 3744 927 3807 505
939 3744 1013 3826 sq.):

509 3853 536 3916 ‘I
558 3854 673 3936 procul
696 3853 791 3936 hinc’,
816 3853 907 3936 dixit,
931 3855 1008 3918 ‘nou
1031 3875 1065 3919 es
1089 3854 1177 3936 mihi,
1200 3853 1287 3934 tibio,
1311 3853 1414 3936 tanti’,

587 3955 630 4020 Ut
654 3955 733 4020 vidit
755 3957 865 4022 vultus
889 3957 993 4022 Pallas
1017 3959 1051 4021 in
1075 3976 1167 4022 amne
1190 3973 1275 4020 suos¹

377 4063 468 4130 Idem
492 4065 527 4130 in
549 4066 733 4132 Philostrati
758 4069 799 4131 25
816 4069 883 4152 (55)
911 4069 1049 4153 epistula
1075 4069 1209 4152 legitur:
1235 4067 1254 4146 ἡ
1278 4066 1307 4130 δ’
1324 4067 1439 4144 Ἀθηνᾶ
1464 4067 1508 4129 καί

378 4167 489 4248 ἔρριψε
515 4171 574 4235 τὸν
602 4171 703 4236 αὐλὸν
728 4171 772 4236 ὡς
800 4174 837 4236 τὸ
867 4172 1043 4250 πρόςωπον
1071 4171 1167 4250 αὐτῆς
1196 4171 1374 4249 ςυγχὲαντα.
1415 4167 1508 4234 Unde

377 4269 440 4335 hoc
450 4275 656 4357 sumpserint,
669 4274 889 4358 quaerendum
902 4281 957 4339 est.
983 4274 1117 4339 Ovidius
1133 4275 1168 4338 in
1180 4272 1327 4338 versibus
1342 4273 1416 4338 507.
1427 4273 1505 4336 508:
