3248 4910
346 298 390 360 94
777 303 812 358 Μ.
832 303 1055 373 Ηείιιοιπαιιπ,

346 474 463 541 deinde
485 475 643 541 Stratonis
666 474 797 540 Anthol
816 473 881 538 Pal
897 473 966 538 XII
986 475 1067 540 208:

461 592 604 674 Εὐτυχέτ,
628 592 673 657 oo
695 593 866 674 φθονέω,
891 591 1060 670 βιβλίδιον·
1082 593 1101 671 ἠ
1126 589 1166 670 ῥά
1189 591 1215 656 ε’
1235 591 1396 667 ἀναγνοὺτ

502 695 583 760 Παῖτ
604 715 649 760 τιε
674 695 842 776 ἀναθλίβει,
866 695 947 773 πρδτ
968 695 1008 759 τὰ
1031 695 1137 770 γένεια
1158 697 1269 760 τιθείτ·

453 797 493 862 Ἢ
517 801 689 878 τρυφεροῖς
711 797 829 877 εφίγξει
851 799 922 876 περὶ
944 798 1081 879 χείλεειν,
1105 799 1124 876 ἢ
1147 799 1227 861 κατὰ
1250 801 1361 878 μηρῶν

406 942 408 950 ·
504 905 624 982 Είλήεει
647 906 820 984 δροεερῶν,
845 899 871 965 ὠ
896 901 1232 980 μακαριετότατον·

457 1006 600 1070 Πολλάκι
623 1007 779 1086 φοιτήεειτ
802 1004 1008 1087 ὑποκόλπιον,
1031 1005 1051 1082 ἣ
1074 1005 1161 1082 παρὰ
1185 1005 1321 1084 δίφρου(

504 1109 625 1186 Βληθὲν
647 1107 809 1186 τολμήεειτ
832 1111 918 1172 κεῖνα
942 1111 1039 1183 θιγεῖν
1062 1107 1206 1186 ἀφόβως.

457 1212 570 1276 Πολλὰ
594 1209 622 1275 δ’
640 1210 675 1276 ἐν
698 1210 805 1293 ἠρεμίῃ
828 1211 1054 1288 προλαλήτειτ·
1078 1208 1147 1274 ἀλλ’
1166 1209 1259 1288 ὑπὲρ
1283 1209 1390 1288 ἡμῶν

504 1314 689 1395 Χαρτόιριον,
713 1315 833 1396 δέομαι,
856 1311 1053 1391 πυκνότερόν
1076 1333 1105 1378 τι
1128 1312 1218 1376 λάλει.

347 1443 553 1528 Epigramma
575 1441 705 1507 Anthol.
726 1441 793 1506 Pal.
818 1441 849 1505 V
866 1443 918 1525 84,
942 1442 1029 1524 quod
1052 1442 1128 1506 satis
1152 1445 1316 1506 vetaastum
1341 1441 1478 1524 videtur,

347 1552 380 1612 et
397 1551 527 1632 propter
544 1545 631 1610 illam
649 1545 822 1610 scoliorum
842 1544 1086 1610 similitudinem
1110 1565 1151 1610 ex
1169 1545 1316 1629 longiore
1336 1545 1478 1610 camnine

347 1649 572 1734 depromptum
595 1667 666 1713 esse
690 1649 746 1712 vix
769 1653 883 1733 potest,
907 1649 1099 1713 sententiam
1117 1647 1259 1713 breviter
1282 1651 1383 1732 atque
1406 1652 1478 1732 apte

348 1753 507 1836 exprImit
531 1751 651 1816 Dilatat
669 1756 895 1836 argumentum
911 1751 1015 1817 Strato
1034 1754 1130 1836 atque
1149 1753 1183 1815 in
1202 1751 1402 1816 obscoenum
1426 1751 1479 1815 de·

346 1858 488 1938 torquet,
515 1855 666 1937 idemque
696 1845 822 1920 iaciunt
849 1853 985 1919 Ovidius
1016 1857 1048 1920 et
1076 1852 1191 1918 Ovidio
1219 1853 1315 1938 paulo
1347 1853 1478 1937 quidem

348 1956 562 2024 verecundior
587 1957 809 2022 Philostratus.
838 1957 927 2022 Nihil
950 1963 1057 2022 tamen
1081 1957 1192 2039 obstat,
1216 1957 1391 2039 quominus
1415 1959 1480 2041 epi-

346 2068 523 2148 grammata
540 2061 612 2126 illos
628 2063 748 2126 imitari
768 2061 863 2127 dicas,
880 2061 1000 2128 Similis
1014 2062 1084 2127 fere
1099 2064 1181 2126 ratio
1197 2063 1282 2127 inter
1297 2061 1478 2128 Philodami

347 2166 543 2250 epigramma
565 2163 696 2229 Anthol.
717 2163 782 2228 Pal.
806 2163 857 2228 XI
878 2165 920 2230 30
949 2167 981 2230 et
1004 2163 1112 2229 Ovidii
1135 2165 1270 2248 elegiam
1293 2167 1367 2230 Am
1387 2165 1476 2228 IIIi

346 2267 547 2332 intercedere
566 2267 645 2331 mihi
666 2266 808 2346 videtum
833 2268 919 2351 quod
942 2274 1165 2352 argumentum
1186 2267 1397 2333 Philodemus
1420 2287 1478 2333 sex

347 2370 495 2436 versibus
519 2369 707 2453 absolverat
732 2369 867 2436 Ovidius
892 2369 934 2435 ad
957 2373 1117 2455 octoginta
1143 2376 1294 2454 quattuor
1319 2371 1477 2455 producit

436 2473 711 2558 Epigrammatum
742 2473 918 2539 sententias
951 2476 1047 2557 atque
1080 2493 1259 2539 sermonem
1292 2475 1478 2540 invenimus
1605 2463 1606 2468 ’

347 2577 444 2642 etiam
459 2577 495 2639 in
508 2576 692 2641 Philostrati
710 2576 847 2660 epistula
864 2579 903 2640 11
921 2577 996 2660 (48),
1013 2597 1078 2660 qua
1093 2578 1246 2641 Amorem
1262 2578 1365 2660 magis
1382 2597 1476 2660 quam

346 2683 486 2744 amatum
509 2699 646 2764 puerum
665 2679 824 2745 allocutus
846 2681 913 2744 vim
937 2683 969 2744 et
986 2682 1136 2744 naturam
1160 2680 1213 2745 dei
1237 2677 1397 2764 depingit:
1422 2699 1479 2764 per

346 2783 457 2849 oculos
480 2783 663 2866 influxitu,
686 2784 764 2848 hinc
791 2784 890 2868 igitur
912 2784 1008 2848 etiam
1036 2779 1211 2848 abscedere
1234 2783 1352 2866 poterit
1380 2785 1477 2866 atque

347 2884 388 2950 ad
404 2885 484 2950 alios
500 2886 706 2968 transvolare,
722 2886 779 2950 sed
792 2887 905 2964 restat3
922 2905 997 2950 cum
1007 2885 1138 2950 flamma
1155 2887 1367 2970 comparatur,
1381 2905 1477 2968 quam

347 2989 493 3053 homines
513 2989 703 3073 extinguere
721 2989 842 3053 frustra
860 2991 1026 3054 conantur.
1050 2987 1085 3052 si
1105 2988 1178 3071 quis
1197 3008 1313 3071 aquam
1333 2991 1478 3072 apporta·

347 3093 439 3175 verit,
454 3092 524 3176 ipsa
538 3112 623 3174 aqua
637 3111 745 3156 amore
760 3097 882 3156 uretur.
907 3091 1060 3156 Conieras
1078 3091 1248 3176 epistulam
1266 3093 1305 3154 11
1320 3093 1402 3174 (48);
1423 3093 1477 3156 Καὶ

346 3195 391 3259 τί(
405 3195 424 3258 δ
438 3195 545 3260 καινδτ
557 3194 753 3274 ἐμπρητμόε;
766 3194 949 3278 κινδυνεύω,
962 3194 1037 3259 αίτιῖι
1050 3193 1159 3274 ὕδωρ·
1176 3194 1300 3274 κοιμίζει
1317 3194 1348 3258 δ’
1361 3193 1475 3276 οὐδείτ,

347 3296 394 3362 ότι
406 3299 442 3362 τὸ
454 3300 633 3377 εβεετήριον
646 3297 678 3362 tc
689 3299 808 3376 ταύτην
819 3301 877 3376 τήν
889 3298 1000 3377 φλόγα
1012 3296 1232 3380 ἀπορώτατον,
1245 3297 1307 3363 είτε
1323 3297 1358 3362 ἐκ
1375 3299 1476 3377 πηγῆτ

348 3400 467 3478 κομίζοι
482 3419 534 3482 τιε,
551 3400 610 3465 είτε
626 3401 660 3464 ἐκ
676 3403 823 3479 ποταμοῦ
841 3400 1010 3479 λαμβάνοι·
1029 3401 1079 3464 καὶ
1090 3401 1151 3479 γὰρ
1167 3401 1299 3466 αὐτότὸ
1315 3399 1408 3478 ὓδωρ
1423 3399 1475 3464 ὑπ’

347 3501 470 3580 ἔρωτος
497 3503 601 3568 κάεται
629 3505 662 3566 et
688 3501 843 3587 Meleagri
866 3502 1061 3586 epigramma
1084 3503 1213 3567 Anthol
1238 3502 1305 3567 Pal
1325 3502 1394 3567 XII
1417 3505 1474 3568 81:

454 3631 638 3711 Ψυχαπάται
662 3631 844 3716 δυεέρωτετ,
869 3633 936 3699 ὅτοι
959 3635 1069 3714 φλόγα
1091 3633 1151 3699 τάν
1174 3632 1348 3714 φιλόπαιδα

500 3733 623 3816 Οἴδατε,
646 3737 704 3798 τοῦ
728 3739 842 3814 πικροῦ
866 3736 1050 3815 γευτάμενοι
1073 3736 1204 3818 μέλιτος,

454 3836 585 3916 Ψυχρὸν
609 3836 699 3915 ὕδωρ
723 3839 819 3921 νίψαι,
844 3839 981 3922 ψυχρόν,
1003 3839 1108 3922 τάχοε,
1132 3836 1201 3918 dou
1224 3839 1363 3918 τακείτηε

498 3939 552 4003 Ἐκ
576 3938 685 4018 χιόνοτ
707 3945 745 4024 τῇ
764 3940 811 4024 ’μῇ
837 3944 920 4021 χεῖτε
942 3941 1013 4019 περὶ
1036 3941 1155 4025 κραδίῃ.

439 4106 459 4177 ¹)
476 4106 613 4163 Conferas
629 4107 755 4164 Platonis
770 4107 928 4165 Phaedrum
946 4109 1037 4164 251b:
1048 4109 1208 4176 ,δεξόμενος
1219 4111 1274 4176 γὰρ
1286 4112 1340 4164 τοῦ
1357 4109 1475 4164 κόλλουε
1605 4141 1606 4152 1

345 4195 400 4262 τὴν
419 4196 572 4264 ἀπορροὴν
590 4199 637 4251 διὰ
654 4195 713 4252 τῶν
733 4198 872 4265 όμμοίτων
892 4198 1063 4268 ἐθερμάνθη.
