3308 4938
144 384 329 453 Quaestionea
338 387 544 444 Tertullianeae
557 389 594 444 ed
607 388 709 444 librum
718 387 860 444 Adversus
870 389 998 444 Praxean
1010 388 1191 458 pertinentes.
1229 383 1269 445 77

231 559 269 622 In
295 560 438 626 eiusdem
463 560 577 644 capitis
600 561 668 625 fine
690 581 720 644 p.
734 557 857 626 232t19
881 557 986 643 (nint)
1010 566 1099 625 carte
1128 562 1272 627 scriben-

143 659 218 726 dum
247 667 310 726 est:
343 663 505 728 ‘videmus
532 663 632 748 igitur
658 683 723 728 non
755 663 868 729 obesse
900 663 1104 730 monarchiae
1137 665 1271 730 tilium’.

143 763 407 830 Vocem‘iilium'
428 767 588 850 expunxit
607 765 850 849 Kroymannus;
872 768 985 833 deesse
1004 786 1074 831 eam
1092 786 1158 831 non
1174 786 1272 851 posse

142 867 315 951 apparebit,
344 869 373 933 si
396 870 629 935 sententiarum
653 890 774 935 nexum
803 871 930 936 omissis
960 875 1066 934 tamen
1090 871 1272 954 scripturae

141 968 229 1052 locis,
253 989 335 1052 quos
358 971 466 1036 atrurn
488 975 607 1054 auctor,
632 973 686 1038 hic
700 973 854 1038 referam:
876 971 893 1036 ¹.
911 1022 937 1036 ..
958 970 1118 1054 quomodo
1138 991 1270 1056 possum

142 1071 181 1137 de
198 1072 319 1160 finon)
343 1075 509 1140 destruere
528 1076 755 1158 monarchiam,
774 1097 870 1160 quam
890 1096 909 1139 a
926 1080 1015 1158 patre
1033 1074 1103 1138 filio
1121 1075 1272 1140 traditam

141 1176 174 1239 in
188 1176 260 1240 tilio
276 1180 394 1241 servo?
475 1177 554 1244 adeo
571 1184 678 1244 autem
694 1185 803 1244 manet
818 1181 853 1243 iu
869 1199 929 1244 suo
946 1181 1039 1260 statu,
1055 1178 1132 1242 licet
1144 1179 1272 1242 trinitas

140 1279 307 1360 inferatur,
330 1286 368 1345 ut
392 1282 489 1346 etiam
514 1283 642 1346 restitui
665 1283 781 1348 habeat
802 1285 884 1368 patri
910 1303 928 1348 a
949 1282 1020 1346 filio
1123 1279 1273 1345 videmus

139 1383 239 1466 igitur
260 1403 325 1449 non
349 1384 461 1450 obesae
480 1387 684 1452 monarchiae
707 1387 822 1469 filium,
852 1387 911 1451 etsi
936 1384 1032 1448 hodie
1056 1383 1141 1467 apud
1165 1382 1271 1446 filium

140 1492 197 1566 est,
226 1489 303 1570 quia
326 1491 358 1552 et
380 1489 414 1552 in
439 1507 498 1553 suo
527 1492 611 1554 statu
635 1495 684 1556 est
706 1491 792 1575 apud
816 1491 923 1554 filium
946 1495 979 1554 ct
1002 1507 1077 1552 cum
1100 1505 1160 1551 suo
1184 1488 1270 1550 statu

139 1590 328 1654 restituetur
350 1592 432 1674 patri
456 1611 474 1654 a
496 1589 575 1654 filio.
600 1592 645 1656 ita
668 1611 737 1658 eam
761 1613 856 1659 uerno
881 1594 944 1656 hoc
966 1591 1098 1655 nomine
1118 1589 1273 1669 destruet,

141 1692 224 1770 (Si)
243 1691 350 1757 filium
369 1694 408 1769 (si
426 1694 498 1760 odd.
516 1693 568 1776 R³‚
586 1715 643 1760 om.
660 1695 807 1778 Parnm)
823 1695 977 1777 admittat,
996 1694 1051 1758 cui
1070 1697 1103 1758 et
1121 1691 1271 1757 traditam
1383 1736 1386 1740 -

139 1813 206 1859 eam
227 1815 246 1858 a
264 1801 353 1880 patre
372 1803 404 1860 ot
422 1817 441 1860 a
460 1817 524 1880 quo
545 1798 739 1881 quandoque
763 1796 994 1864 resh'tuendam
1018 1798 1101 1881 patri
1126 1793 1274 1859 constat’
