3236 4920
336 351 401 414 104
769 355 866 410 Josel
883 355 1056 423 Albanius,

337 531 384 593 bis
409 529 465 593 auf
488 529 539 593 die
563 527 836 592 Lesbonaxreden
860 527 926 591 und
951 528 1057 610 einige
1081 526 1254 609 gesondert
1277 527 1465 610 publizierte

335 631 612 697 Feldherrnreden
636 633 681 694 im
700 631 929 695 wesentlichen
954 630 1156 694 technisches
1175 629 1387 695 Knnslmittel
1410 630 1468 696 der

336 736 615 830 Historiographio
640 734 707 798 und
730 755 792 798 nur
816 735 867 797 ihr
891 733 1090 817 zugeordnet
1112 734 1206 798 blieb.

426 839 510 902 Vom
540 838 772 916 παρακλητικόε
804 837 911 921 liegen
942 838 994 901 die
1020 837 1250 920 Beziehungen
1277 857 1351 900 zum
1375 839 1469 913 γένοε

337 940 540 1006 ἐπιδεικτικὸν
564 939 631 1004 und
660 940 788 1024 speziell
817 961 890 1004 zum
920 941 1081 1019 ἐπιτάφιοι
1111 941 1208 1006 offen.
1248 940 1355 1004 Sohon
1384 941 1467 1004 oben

336 1044 447 1108 wurde
472 1043 585 1107 darauf
609 1044 836 1126 hingowiesen‚
861 1043 922 1106 dell
947 1044 1003 1106 des
1028 1043 1130 1106 Motiv
1150 1043 1208 1106 der
1226 1044 1468 1107 Autochthonie

337 1149 395 1214 der
428 1149 575 1212 Athoner
607 1169 666 1211 zur
699 1147 942 1231 Ermunterung
976 1147 1097 1210 sowohl
1132 1149 1177 1210 im
1210 1147 1469 1212 Isokrateischen

336 1252 589 1335 Panegyrihos¹l
621 1251 667 1315 els
698 1251 781 1315 auch
812 1252 845 1314 in
877 1251 934 1314 der
963 1252 1097 1315 zweiten
1131 1249 1377 1315 Lesbonsxrede
1411 1271 1470 1314 zur

338 1355 478 1438 Geltung
496 1355 624 1418 kommt.
659 1354 698 1418 In
718 1353 886 1418 derselben
906 1354 995 1419 Rede
1011 1355 1167 1435 (28-66)
1189 1355 1284 1417 feiert
1307 1354 1469 1418 Isolnetes

337 1458 445 1522 Athen
473 1456 520 1520 als
548 1456 774 1540 Begriinderin
801 1458 880 1522 aller
906 1457 1150 1522 menschlichen
1180 1457 1318 1522 Knllur:
1351 1459 1391 1521 27
1418 1459 1469 1522 εό-

339 1563 474 1640 ρήεομεν
490 1562 552 1639 γὰρ
572 1559 671 1638 αὐτὴν
691 1561 730 1624 οὐ
756 1561 855 1638 μόνον
879 1565 944 1625 τῶν
967 1563 1048 1638 πρὸε
1074 1562 1216 1638 πόλεμον
1243 1562 1320 1625 ἀλλὰ
1344 1563 1392 1626 καὶ
1413 1567 1468 1638 τῆε

338 1663 431 1742 ἄλλη(
456 1668 654 1745 καταεκευῆε,
679 1663 713 1728 ἐν
736 1667 755 1749 ᾖ
780 1668 988 1742 κατοικοῦμεν
1013 1666 1062 1728 καὶ
1086 1664 1154 1742 μεθ’
1177 1664 1213 1742 ἡ(
1236 1665 1469 1742 πολιτευόμεθα

339 1770 388 1832 καὶ
412 1768 451 1832 δι’
471 1769 509 1846 ἣν
533 1771 590 1844 Ζῆν
615 1767 789 1849 δυνάμεθα,
814 1769 926 1846 εχεδὸν
950 1766 1070 1846 ἁπάεηε
1093 1768 1190 1831 αἰτίαν
1215 1767 1322 1832 οὗεαν.
1365 1768 1470 1831 Eheu-

338 1890 373 1935 so
401 1872 444 1934 40
475 1874 585 1948 πρώτη
617 1871 678 1948 γὰρ
709 1871 841 1952 (Athen)
877 1873 925 1934 καὶ
955 1871 1076 1948 νόμους
1109 1871 1199 1934 ἔθετο
1231 1873 1280 1934 καὶ
1312 1873 1470 1936 πολιτείαν

339 1976 554 2051 κατεετήεατο.
571 2023 602 2037 ..
626 1976 675 2037 καὶ
700 1977 755 2052 μὲν
774 1976 813 2050 όή
838 1976 970 2037 καὶτῶν
989 1977 1110 2052 τεχνῶν
1129 1975 1184 2037 τάκ
1202 1995 1235 2037 τε
1257 1975 1339 2050 πρὸ(
1357 1973 1471 2048 τάναγ-

339 2081 411 2142 καῖα
433 2080 492 2141 τοῦ
522 2078 590 2156 βίου
619 2080 766 2156 χρηείμαε
794 2080 845 2141 καὶ
866 2080 923 2142 τὰε
951 2078 1032 2156 πρὸ(
1060 2078 1181 2154 ἡδονὴν
1205 2079 1470 2156 μεμηχανημέναε,

337 2182 393 2245 τότε
418 2183 475 2258 μὲν
499 2181 645 2260 εὑροῦεα,
669 2182 725 2244 τὰ(
750 2184 786 2244 δέ
809 2182 996 2258 δοκιμάεαεα
1020 2184 1150 2258 χρῆεθαι
1173 2183 1238 2243 τοῑε
1261 2178 1365 2244 ἄλλοι(
1389 2201 1471 2258 τιαρ-

339 2284 468 2347 ἐόιυκεν.
493 2320 537 2330 -
560 2282 698 2346 Endlioh
728 2283 783 2346 des
807 2283 875 2346 Lob
904 2282 1109 2347 athenischer
1138 2283 1277 2345 παιόεία;
1310 2284 1350 2344 47
1377 2285 1471 2346 Φιλο-

339 2386 453 2463 εοφίαν
475 2387 593 2466 τοίνυν,
622 2387 640 2463 ἣ
664 2385 892 2449 πάνταταῦτα
916 2388 1085 2462 ευνεξηῡρε
1108 2385 1158 2448 καὶ
1183 2385 1471 2464 ευγκατεεκεόαεεν,

339 2491 388 2552 καὶ
418 2488 498 2567 πρόε
526 2507 560 2550 τε
582 2489 640 2552 τὰε
664 2489 789 2568 πράξειε
814 2489 894 2566 ἡμᾶς
918 2489 1100 2552 ἐπαίδευεεν
1128 2490 1177 2550 καὶ
1205 2488 1287 2564 πρὸ(
1315 2487 1472 2565 ἀλλήλουε

339 2589 575 2668 ἐπράυνεν
603 2592 622 2669 ἡ
650 2587 737 2655 πόλι(
767 2591 857 2668 ἡμῶν
885 2591 1072 2671 κατέδειξεν,
1103 2592 1152 2652 καὶ
1180 2585 1295 2663 λόγου(
1325 2591 1472 2671 ἐτίμητεν,

339 2733 566 2798 προτρεπτικοιλε
585 2733 687 2796 λόγου(
707 2732 913 2798 ευγγράφουει,
933 2732 1020 2785 καλὸν
1041 2733 1092 2797 μέν
1111 2733 1197 2798 ἔργον
1217 2733 1414 2799 ἐπιχειροῦτιν,
1435 2733 1470 2785 οὺ

342 2817 397 2882 μὴν
414 2815 480 2881 περί
498 2833 530 2880 γε
553 2818 587 2870 τό
612 2818 759 2883 κρότιετον
777 2819 829 2882 τῆε
853 2815 1025 2882 φιλοεοφία(
1048 2816 1244 2882 διατρίβουειν,
1276 2819 1337 2872 όεοι
1357 2820 1389 2872 δὲ
1411 2823 1472 2873 τοῑε

339 2902 492 2969 νεωτέροις
506 2901 690 2968 εἰεηγοῦνται,
712 2903 748 2968 μὴ
763 2903 797 2956 δι’
813 2903 855 2955 ὡν
868 2903 921 2968 τὴν
935 2903 1084 2968 δεινότητα
1096 2904 1149 2969 τὴν
1163 2903 1193 2956 ἐν
1205 2905 1266 2956 τοῑε
1279 2905 1376 2969 λόγοιε
1389 2905 1472 2972 ἀεκή-

341 3002 441 3054 tontis,
462 2987 521 3040 ἀλλ’
537 2988 617 3040 ὅπως
635 2988 671 3040 τό
689 2991 750 3039 τῶν
768 2986 888 3052 τρόπων
908 2987 964 3052 ήθη
985 2989 1133 3042 επουδαῑοι
1157 2989 1314 3053 πεφυκέναι
1334 2991 1471 3056 δόξουειν,

339 3072 469 3140 ποεοότῳ
495 3075 601 3138 μᾶλλον
621 3071 737 3125 ἐκείνων
756 3072 824 3125 ποὺ(
848 3071 1006 3126 ἀκούοντα(
1026 3073 1194 3141 ὼφελοῡειν,
1220 3074 1286 3126 δεον
1306 3075 1334 3128 ol
1356 3077 1406 3138 μέν
1425 3075 1471 3128 ἐπλ

340 3161 427 3222 λόγον
441 3163 658 3226 παρακαλοῦειν,
679 3159 707 3213 ol
732 3161 763 3212 δέ
781 3161 834 3212 τὸν
852 3161 963 3226 τρόπον
987 3161 1083 3214 αὐτῶν
1110 3160 1325 3225 ἐπανορθοῡειν.
1357 3161 1473 3216 Ciceros

339 3245 505 3299 Hortensius
518 3261 578 3299 war
595 3245 639 3298 die
653 3245 833 3313 Ermahnung
852 3261 901 3298 zur
914 3245 1103 3314 philosophie.
1130 3247 1169 3300 De
1189 3245 1244 3300 div.
1258 3245 1313 3309 2,1
1334 3247 1472 3300 cohortati

340 3345 438 3384 sumus
456 3334 487 3384 ut
500 3330 622 3384 maxime
635 3330 776 3398 potuimus
796 3329 834 3384 ad
853 3331 1047 3398 philosophiae
1067 3330 1189 3384 studium
1209 3347 1243 3384 eo
1262 3329 1343 3396 libro,
1363 3331 1410 3400 qui
1430 3335 1472 3385 est

339 3417 491 3486 inscriptus
505 3417 679 3471 Hortensius.
708 3417 826 3470 Trebell.
840 3416 907 3470 Poll.
921 3416 979 3470 Ser.
993 3415 1019 3468 h.
1034 3415 1102 3484 hog.
1117 3414 1234 3468 Gallien.
1249 3417 1291 3470 20.
1318 3417 1353 3469 M.
1368 3417 1472 3471 Tullius

342 3502 371 3554 in
390 3501 540 3556 Hortensio
559 3519 642 3570 quem
662 3501 699 3556 ad
718 3502 876 3570 exemplum
895 3500 1062 3569 Protreptici
1082 3499 1202 3567 scripsit.
1223 3499 1339 3555 Sueten.
1354 3501 1422 3568 Aug.
1438 3501 1473 3554 85

341 3587 429 3640 multa
447 3587 519 3641 varii
539 3587 650 3655 generis
670 3603 755 3654 prosa
774 3587 903 3640 orations
922 3586 1090 3655 composuit,
1111 3627 1116 3638 .
1137 3627 1142 3639 .
1162 3627 1167 3639 .
1191 3587 1259 3640 item
1278 3585 1472 3639 Hortationem

342 3673 379 3727 ed
397 3673 611 3742 philosophiam.
626 3672 703 3740 Diog.
714 3673 804 3726 Laert.
819 3672 873 3738 Vll,
888 3672 939 3724 129
954 3673 993 3724 ὼε
1007 3671 1051 3724 καὶ
1065 3670 1256 3724 Ποεειδιόνιότ
1270 3687 1357 3736 φηειν
1370 3671 1401 3724 ἐν
1413 3673 1472 3724 rol<

342 3761 568 3824 προτρεπτικοῖς.
597 3759 677 3812 Auch
696 3759 791 3812 macht
804 3759 942 3826 Diogenes
962 3758 1056 3812 nehen
1074 3757 1139 3811 dem
1151 3757 1383 3811 Aristotelischen
1402 3773 1474 3822 προ-

342 3845 490 3912 τρεπτικός
516 3842 560 3896 die
584 3843 634 3896 des
658 3843 813 3897 Demetrios
837 3859 894 3896 von
916 3843 1068 3909 Phaleron,
1092 3843 1142 3896 des
1165 3841 1303 3910 Aristipp‚
1326 3842 1472 3910 Telephos‚

342 3929 437 3983 Aristo
456 3929 514 3982 und
532 3928 635 3998 Epikur
654 3929 789 3983 namhalt.
821 3929 868 3982 Ich
888 3929 1017 3983 erinnere
1036 3929 1110 3982 noch
1129 3944 1167 3982 an
1186 3929 1241 3982 den
1258 3925 1473 3993 Προτρεπτικότ

343 4015 393 4069 des
413 4015 510 4079 Galen,
535 4030 572 4067 an
594 4013 744 4067 Iamblichs
763 4013 980 4078 Προτρεπτικὸ(
1004 4011 1042 4064 etc
1067 4009 1242 4077 φιλοεοφίαν
1265 4009 1323 4064 und
1343 4009 1472 4064 Clemens

342 4115 399 4153 von
409 4099 600 4153 Alexandrien
613 4100 831 4165 Προτρεπτικὸς
843 4099 917 4163 πρὸ(
925 4095 1076 4163 Ἕλληνας.
1102 4097 1151 4150 Die
1163 4095 1324 4151 christliche
1336 4097 1473 4162 Literatur

344 4185 424 4240 weist
443 4187 517 4240 noch
536 4185 677 4240 manchen
696 4185 848 4239 lihnlichen
866 4184 1082 4250 Προτρεπτικόε
1101 4181 1156 4237 aul.

437 4273 457 4342 ¹)
476 4271 562 4326 lsokr.
577 4273 679 4340 Paneg.
692 4271 735 4324 24.
