3354 4930
365 396 385 458 2
728 400 866 470 Ludwig
884 401 1126 471 Rosenmeper‚

366 574 438 638 hist
449 573 539 638 enX
559 573 600 636 29
619 572 841 636 Wellmennus
862 572 1002 636 ostendit
1019 571 1168 654 (Hermes
1177 571 1295 636 XXXI
1307 592 1336 655 p.
1348 569 1494 652 249l50),

365 695 424 741 cnr
442 675 595 758 Aegyptii
614 673 693 738 ibim
713 674 876 740 Mercurio
895 694 1018 740 suornm
1037 675 1208 756 voluerint¹
1229 675 1279 739 his
1298 675 1366 738 lere
1386 673 1493 737 vorbis

364 780 511 862 exponit:
535 775 585 837 καὶ
605 779 651 854 τῷ
668 773 772 855 Ἐρμῇ
795 775 831 838 δέ
853 795 932 854 φατι
950 779 997 858 τῷ
1017 775 1112 852 πατρὶ
1129 777 1191 838 τῶν
1214 775 1321 849 λόγων
1343 776 1493 852 φιλεῖται,

364 878 430 941 ἐπεὶ
451 877 534 942 ἔοικε
554 877 592 939 τὸ
615 871 701 940 εἷδοε
721 883 763 958 τῇ
786 877 899 956 φόεει
918 879 986 940 τοῦ
1009 877 1143 953 λόγου·
1164 879 1205 940 τά
1222 877 1355 954 μὲνγὰρ
1371 876 1494 954 μέλανα

364 981 533 1058 ὠκύπτερα
546 984 592 1064 τῷ
607 999 641 1042 τε
654 980 818 1062 ειγιυμένψ
834 981 885 1043 καὶ
899 980 996 1044 ἔνδον
1013 978 1273 1060 ἔπιετρεφομένῳ
1290 978 1377 1060 λόγῳ
1391 997 1493 1056 παρα·

364 1083 516 1162 βάλλοιτο
538 1083 587 1163 ἄν,
608 1084 649 1146 τά
671 1085 708 1146 δὲ
729 1085 826 1146 λευκά
846 1089 892 1166 τῷ
913 1083 1154 1165 προφεραμένιρ
1172 1100 1207 1144 τε
1229 1083 1280 1145 καὶ
1301 1081 1492 1163 ἀκουομὲνιρ

362 1187 424 1264 ἤδη
455 1189 506 1251 καὶ
534 1186 673 1268 ὑπηρέτῃ
702 1189 760 1248 τοῦ
790 1187 886 1249 ἔνδον
916 1187 967 1249 καὶ
996 1185 1134 1266 ἀγγέλῳ,
1163 1185 1209 1248 ὡε
1238 1185 1277 1248 ἂν
1305 1184 1413 1248 εἴποιε.
1444 1188 1491 1252 cf.

362 1292 528 1356 Plutarchi
547 1311 572 1355 c.
588 1293 688 1374 princ.
704 1292 816 1375 philos,
832 1291 906 1356 diss.
917 1312 943 1356 c.
953 1293 982 1373 2,
992 1313 1020 1375 ρ.
1030 1293 1092 1355 777
1102 1291 1147 1355 Β;
1160 1288 1198 1350 τὸ
1211 1290 1247 1350 δὲ
1259 1288 1360 1363 λέγειν
1371 1285 1420 1350 ότι
1431 1288 1491 1350 δύο

363 1391 454 1466 λόγοι
469 1390 551 1466 εἰείν,
563 1389 582 1452 δ
595 1391 651 1468 μὲν
663 1389 847 1454 ἐνδιάθετοε
857 1389 1146 1469 ἡγεμόνοεἚρμυῡ
1158 1393 1278 1469 δῶρον,
1294 1390 1353 1453 ὁδ’
1366 1390 1400 1454 ἔν
1414 1409 1492 1468 προ-

363 1497 455 1574 φορᾷ
476 1493 646 1571 διάκτοροε
667 1494 718 1556 καὶ
739 1493 918 1570 ὀργανικός,
940 1493 1044 1556 ἕωλόν
1067 1493 1127 1556 ece
1147 1541 1153 1554 .
1171 1541 1200 1555 ..
1234 1498 1300 1562 Alii
1326 1503 1413 1562 certe
1437 1499 1492 1560 out

361 1594 567 1673 προφορικόν
588 1601 711 1663 tantum
735 1599 776 1662 ed
795 1599 995 1664 Mercurium
1018 1600 1219 1682 revocabant
1245 1601 1335 1664 velut
1353 1599 1491 1683 exempli

362 1702 463 1784 gratie
482 1701 672 1785 philosophi,
696 1721 776 1784 quos
799 1703 945 1766 Iustinus
965 1702 1102 1785 (Apoll
1119 1703 1172 1784 22)
1194 1701 1305 1767 laudat
1326 1699 1402 1776 ὑμῖν
1422 1702 1492 1762 τοῑε

361 1801 419 1864 τὸν
439 1799 562 1879 Ἑρμῆν
592 1801 690 1876 λόγον
718 1803 776 1864 τὸν
807 1801 896 1880 παρὰ
928 1803 1006 1864 θεοῦ
1040 1802 1224 1878 άγγελτικόν
1253 1803 1407 1880 λέγουειν,
1436 1807 1492 1868 cut

363 1902 548 1966 ἐνδιάθετον
571 1909 697 1970 tentum
722 1903 821 1978 λόγον
851 1927 925 1970 cum
952 1906 1007 1970 illo
1037 1907 1096 1970 deo
1128 1907 1378 1991 coniungebent‚
1403 1907 1492 1971 velut

363 2007 547 2072 Heraclitus
575 2009 677 2093 Allcg.
702 2009 795 2073 Hom.
821 2011 862 2072 72
893 2012 934 2093 (p.
956 2011 1017 2072 141
1048 2009 1095 2072 ed.
1119 2009 1271 2092 Mehlerl:
1290 2005 1414 2085 Ἕρμῆε

360 2109 519 2171 τουτὲετιν
549 2108 567 2170 ὁ
596 2107 733 2186 ἔμφρων
763 2108 869 2184 λόγος.
903 2108 1103 2186 ὑφιετάμεθα
1128 2110 1209 2182 γοῦν
1236 2108 1360 2187 empne
1391 2107 1490 2172 αὐτὸν

361 2208 483 2288 Ἐρμῆν
506 2211 649 2285 λέγεεθαι
669 2211 790 2274 παντὸε
811 2213 870 2273 τοῦ
896 2211 1078 2289 νοουμένου
1105 2211 1187 2274 κατὰ
1213 2213 1321 2289 ψυχὴν
1351 2211 1490 2290 ἑρμηνέα

360 2313 431 2376 τινὰ
451 2313 531 2376 όντα
554 2337 614 2380 nec
633 2319 740 2380 minus
759 2317 932 2400 Horapollo
952 2317 1006 2381 ille
1025 2317 1041 2380 I
1058 2319 1119 2381 36:
1143 2314 1277 2392 καρδίαν
1298 2314 1490 2392 βουλόμενοι

359 2414 498 2492 γράφειν
519 2409 581 2494 ἶβιν
604 2419 826 2494 ζωγραφοῡει·
848 2417 967 2493 τὸγὰρ
990 2415 1189 2499 ζῷονἚρμῇ
1214 2417 1368 2498 ᾡκείιυται
1389 2416 1490 2493 πάεηε

361 2517 492 2594 καρδίας
515 2519 565 2580 καὶ
587 2519 738 2596 λογιεμοῡ
761 2518 905 2600 δεεπότῃ.

451 2622 531 2686 Cum
547 2623 707 2707 prioribus
724 2625 830 2688 locere
847 2624 943 2688 etiarn
959 2625 1127 2690 Philonem
1144 2645 1238 2689 nemo
1254 2627 1375 2704 noscit;
1396 2627 1489 2690 ouius

361 2723 401 2788 de
424 2723 512 2806 Logo
534 2723 713 2789 doctrinam
736 2727 921 2810 respicienti
946 2727 1028 2792 duco
1051 2747 1103 2792 res
1122 2729 1224 2812 primo
1244 2728 1359 2792 obtutu
1378 2748 1490 2792 occur·

359 2831 439 2908 rent,
463 2828 616 2910 primum,
644 2830 722 2912 ipsis
746 2830 888 2912 IudaeiS,
918 2851 981 2914 quo
1006 2832 1107 2914 magis
1131 2832 1363 2915 incorporalem
1393 2833 1489 2898 doum

360 2937 392 2996 et
410 2950 508 3014 supro
525 2933 682 2996 mnndum
702 2933 820 2997 elotum
839 2938 946 3000 mente
966 2935 1196 3018 concipiebant,
1213 2954 1250 2998 eo
1271 2936 1372 3018 magis
1391 2936 1490 3000 altero

360 3034 451 3117 quasi
471 3033 647 3098 divinitatis
666 3055 803 3120 persone
822 3057 902 3120 opus
921 3037 1023 3102 fuisse
1043 3039 1128 3101 inter
1147 3038 1307 3102 hominem
1329 3039 1490 3122 deumque

359 3135 557 3218 intermedia,
577 3139 668 3220 qnasi
688 3140 812 3206 minore
831 3141 969 3224 quodam
989 3142 1057 3223 deo,
1081 3161 1155 3205 com
1177 3143 1285 3225 priore
1304 3149 1410 3206 tannen
1430 3141 1490 3207 deo

360 3261 455 3323 quam
479 3242 639 3306 artissime
667 3245 854 3326 coniuncto,
884 3245 1000 3310 deindo
1025 3265 1043 3310 e
1069 3245 1262 3309 Graecorum
1287 3245 1490 3330 philosophia
1582 3245 1586 3256 '

359 3364 433 3408 cum
466 3344 706 3410 Platonicorum
737 3351 808 3412 tum
841 3348 1021 3412 Stoicorum
1062 3348 1168 3412 omnia
1205 3347 1374 3432 desumpto
1409 3369 1489 3430 esse,

360 3466 442 3529 quoe
467 3447 544 3512 huic
567 3450 726 3513 sermonis
751 3449 852 3514 divini
882 3451 1004 3514 notioni
1030 3450 1138 3534 aliquo
1166 3451 1261 3514 modo
1285 3451 1395 3515 fuvere
1418 3471 1490 3536 pos-

359 3553 473 3630 sent1).
496 3550 565 3614 Iom
583 3552 668 3614 enim
686 3553 768 3617 duee
785 3553 860 3618 illae
877 3556 983 3618 sectae
999 3573 1058 3636 per
1073 3551 1282 3616 Posidonium
1301 3556 1392 3636 quasi
1414 3574 1489 3619 con-

359 3650 488 3714 iunctae
512 3649 607 3714 deum
630 3653 756 3735 piorum
778 3656 894 3718 oniniis
914 3659 1036 3720 secreto
1057 3675 1116 3719 suo
1136 3656 1330 3721 revelantem
1355 3675 1490 3739 quaere·

360 3752 444 3832 bant
461 3754 498 3816 ut
512 3753 546 3815 in
560 3753 766 3819 Posidonium
785 3759 880 3820 etiam
898 3757 1000 3840 magis
1016 3757 1181 3839 quadrent,
1198 3759 1336 3840 quoodo
1353 3757 1489 3824 Philone

360 3853 562 3918 Hemochius
581 3855 630 3936 (D.
644 3856 680 3920 G.
693 3858 709 3920 I
726 3860 801 3937 107)
818 3860 880 3922 nit:
909 3860 989 3924 «Die
1004 3860 1212 3944 Einliihrung
1227 3861 1284 3926 des
1296 3861 1489 3928 Godankcns

453 4025 472 4092 ¹)
490 4025 552 4080 Non
571 4043 665 4082 mcum
684 4033 761 4084 certe
780 4033 823 4084 est
836 4045 980 4100 quaerere,
1000 4047 1068 4084 num
1082 4032 1166 4086 etiam
1180 4031 1378 4101 Aegyptiorum
1391 4033 1490 4103 religio

359 4109 465 4178 aliquid
479 4111 671 4180 contribuerit,
691 4117 740 4169 aut
753 4131 903 4183 exponere,
923 4121 1058 4184 quantum
1072 4116 1143 4170 haec
1155 4117 1294 4170 sermonis
1308 4116 1397 4172 divini
1411 4119 1490 4174 notio

358 4195 519 4263 contulerit,
548 4201 579 4251 nt
607 4214 707 4254 sacrae
729 4200 897 4255 ludaeorum
920 4201 1057 4256 historice
1086 4200 1198 4255 lucilius
1221 4217 1284 4256 cum
1308 4195 1491 4272 philosophia

358 4280 404 4334 vel
423 4280 592 4351 theosophia
611 4283 782 4338 Graecorum
802 4285 1047 4355 coniungerentur.
