3248 4910
379 386 421 449 96
807 396 842 452 H.
862 397 1085 468 lleinemann,

378 565 428 629 usi
451 571 527 630 sunt
551 567 592 631 ad
619 566 756 652 elegiam
778 568 1034 635 Alexandrinam
1057 571 1319 656 recuperandam.
1351 572 1455 638 Certe
1477 571 1513 634 ab

377 668 488 754 eadem
501 672 659 736 sententia
673 673 925 757 proficiscuntur
941 677 974 740 et
985 673 1120 740 Ovidius
1132 678 1164 741 et
1175 676 1415 742 Aristaenetus.
1433 673 1513 740 Con-

376 771 462 836 foros
486 771 638 838 Ovidium
661 775 762 858 1110,
781 779 808 840 1.
826 777 862 840 2:

506 888 553 954 Tu
575 890 664 973 mihi,
687 895 723 956 tu
747 895 835 957 certe
857 893 997 978 memini,
1022 894 1187 978 Graeciae,
1211 895 1352 980 negabas

551 993 635 1058 Uno
658 1014 753 1080 posse
776 997 915 1080 aliquem
939 1001 1110 1083 ternpore
1133 1019 1240 1065 amare
1264 999 1359 1065 duas

377 1119 410 1181 et
425 1118 667 1185 Aristaenetum
683 1121 716 1185 H
734 1123 790 1186 11:
815 1121 997 1203 ἐβουλόμην
1016 1123 1101 1203 είπερ
1120 1123 1192 1189 οίόν
1214 1146 1247 1191 τε
1266 1126 1306 1204 ἠν
1323 1127 1404 1192 τοὺς
1429 1125 1509 1205 ἐμω·

375 1222 480 1287 τικοὺς
508 1221 651 1289 ἅπαντας
680 1227 863 1304 διερωτῆςαι
887 1226 956 1291 καθ’
983 1227 1123 1310 ἕκαςτον,
1150 1229 1178 1292 εί
1202 1250 1246 1295 τις
1273 1229 1384 1294 αὐτῶν
1414 1229 1511 1306 ἐπομ-

376 1323 555 1402 φοτερίζων
573 1325 642 1406 ὑφ’
661 1327 727 1392 ένα
749 1329 884 1407 καιρὸν
908 1333 1015 1395 δυοῖν
1039 1331 1302 1410 περιπέπτωκε
1325 1332 1510 1412 φίλτροις

377 1423 471 1502 Quod
493 1426 568 1492 fieri
591 1447 684 1512 posse
704 1428 840 1494 Ovidius
863 1435 896 1496 et
918 1431 1143 1517 Apollogenes,
1167 1453 1263 1517 quem
1282 1435 1509 1498 Aristaenetus

376 1527 571 1595 scribentem
582 1531 670 1616 facil,
683 1532 854 1616 affirmant
872 1553 946 1599 cum
958 1534 1072 1600 dicunt
1087 1553 1122 1600 se
1140 1537 1227 1620 ipsos
1243 1556 1352 1602 amore
1371 1536 1508 1600 duarum

376 1631 549 1698 mulierum
573 1634 745 1720 deperisse.
777 1637 932 1702 Conferas
956 1636 1064 1702 Ovidii
1087 1635 1120 1702 H
1138 1641 1189 1721 10,
1205 1641 1235 1702 3.
1252 1642 1290 1701 4:

482 1751 546 1816 Per
569 1755 600 1818 te
624 1771 683 1838 ego
707 1751 860 1838 decipior,
884 1773 943 1838 per
965 1757 998 1819 te
1022 1753 1201 1838 deprensus
1224 1755 1367 1838 inermia

527 1857 622 1939 Ecce,
646 1856 726 1920 duas
749 1875 814 1920 uno
837 1863 980 1940 tempore
1002 1859 1106 1942 turpis
1129 1878 1200 1922 amo

376 1987 409 2049 et
434 1983 632 2048 Aristaeneti
655 1981 688 2046 H
711 1984 761 2065 11,
790 2002 853 2066 quo
877 1981 1091 2067 Apollogenes
1123 2003 1158 2048 se
1186 2002 1322 2048 uxorem
1354 2003 1448 2048 auam
1477 1985 1505 2046 et

376 2086 515 2169 aliquam
546 2085 750 2150 meretricem
776 2084 873 2148 simul
904 2105 1011 2150 amare
1042 2089 1166 2150 narrat:
1199 2087 1262 2162 ἐγὼ
1292 2087 1352 2165 γὰρ
1382 2087 1503 2163 ἑταίρας

376 2189 460 2266 ἐρῶν
480 2189 563 2266 πρὸς
588 2187 771 2265 ἀπαλλαγήν
796 2190 855 2252 τοῦ
879 2187 986 2252 πόθου
1005 2187 1104 2270 (οὕτω
1124 2189 1184 2266 γὰρ
1208 2190 1308 2272 ᾤμην)
1333 2188 1503 2262 ςυνεῑίιῐην

376 2293 521 2371 ςιίιφρονι
543 2295 666 2372 γαμετῇ,
691 2290 741 2354 καὶ
759 2293 818 2354 νῦν
842 2294 897 2368 τῆς
919 2311 952 2356 τε
975 2291 1097 2372 πόρνης
1120 2291 1216 2356 οὐδέν
1239 2291 1334 2369 ἧττον
1357 2291 1432 2372 ἐρῶ,
1456 2289 1501 2353 καὶ

377 2394 467 2472 ὁτῆς
483 2393 646 2472 ὁμοζύγου
662 2393 836 2472 προςετέθη
857 2412 910 2472 μοι
930 2393 1042 2459 πόθος.
1062 2393 1113 2458 Ab
1126 2392 1241 2458 Ovidio
1258 2399 1290 2459 et
1309 2393 1349 2458 ab
1362 2393 1499 2458 Aristio-

376 2501 450 2561 neto
470 2500 591 2560 amator
614 2514 688 2559 cum
707 2514 789 2560 nave
808 2495 860 2559 vel
877 2494 1090 2579 gubernatore
1110 2497 1187 2578 eius,
1211 2498 1265 2560 cui
1284 2498 1374 2561 venti
1394 2513 1499 2561 secum

377 2599 555 2682 pugnantes
578 2597 755 2680 imminent,
779 2603 989 2680 comparatur.
1021 2598 1067 2664 Ol.
1087 2597 1194 2664 Ovidii
1217 2598 1319 2681 1110,
1341 2603 1437 2682 9sq.:

536 2721 654 2786 Errant
676 2727 714 2786 ut
737 2722 840 2787 ventis
863 2722 1066 2788 discordibus
1089 2729 1161 2789 acta
1184 2723 1332 2808 phaselos

583 2823 825 2908 Dividuumque
848 2827 961 2891 tenent
983 2825 1063 2891 alter
1086 2829 1119 2892 et
1141 2827 1222 2892 alter
1245 2846 1343 2891 amor.

376 2949 409 3008 et
424 2942 621 3008 Aristaeneti
639 2942 673 3006 H
691 2943 749 3006 11:
774 2943 862 3007 ἔοικα
885 2947 969 3020 γοῦν
984 2947 1157 3028 κυβερνήτῃ
1176 2945 1240 3008 ὑπὸ
1262 2946 1351 3007 δυοῖν
1369 2941 1498 3020 πνευμά-

374 3069 440 3114 των
453 3048 681 3132 ἀπειλημμένιμ,
696 3051 755 3113 τοῦ
773 3051 830 3126 μέν
843 3049 935 3113 ἔνθεν
950 3051 1009 3112 τοῦ
1029 3050 1065 3111 δέ
1077 3047 1169 3113 ἔνθεν
1182 3045 1349 3125 ἑςτηκότος
1365 3047 1415 3110 καί
1433 3043 1496 3121 περὶ

375 3155 431 3230 τῆς
449 3153 531 3218 νεὼς
549 3155 750 3232 μαχομένων,
768 3152 818 3216 ἐπὶ
833 3151 980 3216 τάναντία
1000 3154 1056 3229 μέν
1072 3151 1130 3226 τήν
1142 3150 1301 3214 θάλαςςαν
1318 3149 1495 3224 ὠθούντων,

376 3253 424 3320 ἐπ’
437 3253 605 3334 ἀμφότερα
617 3257 653 3318 δέ
664 3257 721 3333 τὴν
733 3255 803 3332 μίαν
815 3257 898 3317 ναῦν
911 3253 1120 3318 ἐλαυνόντων.
1143 3251 1224 3317 Cum
1236 3249 1345 3315 Ovidii
1358 3247 1497 3332 elegiaci

375 3355 572 3422 Aristaeneti
584 3355 721 3440 epistula
735 3355 846 3420 multis
861 3353 958 3420 rebus
968 3355 1053 3420 inter
1068 3375 1103 3421 se
1116 3354 1326 3434 consentiant,
1340 3351 1401 3415 riri
1416 3346 1495 3413 docti

376 3457 511 3541 elegiam
531 3456 784 3522 Alexandrinam
808 3459 978 3542 utriusque
1001 3459 1122 3524 iontem
1144 3457 1247 3522 tuisse
1266 3459 1388 3540 putant,
1411 3470 1494 3537 prae·

376 3559 487 3626 sertim
508 3579 582 3624 οοιο
598 3559 684 3644 apud
702 3560 977 3644 Theophylaotum
993 3561 1199 3627 Simccattam
1215 3558 1307 3642 epist
1324 3559 1367 3622 39
1385 3553 1495 3620 similia

374 3667 541 3750 legantur:
558 3665 605 3730 Οὐ
623 3667 753 3730 δύναςαι
771 3665 901 3732 Θέτιδος
917 3668 965 3730 καὶ
979 3663 1137 3729 Γαλατείας
1155 3663 1240 3742 ἐρᾶν.
1260 3660 1300 3725 οὐ
1315 3659 1495 3737 τεμαχίῑετοι

376 3769 533 3834 πόθος·οί
541 3769 601 3846 γὰρ
609 3769 748 3847 Ἔρωτες
760 3769 798 3832 οὐ
806 3771 992 3849 μερίζονται.
1003 3765 1156 3831 ἀλλόὐδὲ
1168 3767 1302 3828 διπλοῦν
1312 3762 1353 3827 ἂν
1362 3762 1493 3835 ἐνέγκοις

375 3873 435 3935 τὸν
451 3869 569 3950 ἔρωτα·
586 3872 631 3936 ὡς
648 3873 708 3949 γὰρ
724 3872 743 3950 ἡ
763 3875 802 3949 γῆ
820 3872 880 3935 δύο
897 3871 994 3948 ἡλίοις
1011 3867 1050 3932 οὐ
1067 3869 1199 3931 δύναται
1215 3865 1393 3946 θάλπεςθαι,
1412 3857 1494 3926 οὕτω

376 3973 428 4051 μία
446 3975 533 4052 ψυχή
558 3974 678 4040 δυάδος
698 3979 827 4054 πυρςῶν
843 3974 1004 4052 ἐρωτικῶν
1023 3971 1081 4036 οὐκ
1101 3971 1249 4051 ἀνέχεται
1278 3967 1349 4046 Qua
1367 3963 1495 4050 epistula

375 4074 632 4158 Theophylootus
650 4079 747 4160 negat
769 4077 908 4140 animam
931 4075 1067 4140 alicuius
1087 4073 1225 4138 hominis
1248 4091 1357 4138 amore
1379 4065 1494 4154 duplici

376 4177 571 4242 inflammari
598 4198 706 4262 posse;
738 4179 963 4262 cognoscimus
990 4178 1090 4261 igitur
1117 4177 1204 4242 huno
1234 4173 1273 4240 ab
1304 4169 1494 4239 Aristaeneti

376 4280 535 4343 sententia
557 4279 736 4346 dissentire.
769 4280 923 4346 Conferas
940 4280 1181 4345 Aristaenetum
1203 4277 1236 4342 H
1256 4278 1314 4342 ll:
1342 4275 1409 4341 ἀλλ’
1427 4273 1493 4354 alte
