3406 4786
183 108 326 180 Epistulae
338 108 495 163 amatoriae
508 108 649 179 quomodo
663 107 835 163 cohaereant
848 123 912 163 cum
927 107 1023 178 elegiis
1033 107 1240 163 Alexandrinis.
1271 102 1312 162 95

285 281 325 345 Ἠ
348 282 410 360 γὰρ
434 281 511 346 ἰδεῖν
535 280 624 358 ἔτλην
649 281 831 346 Διονύςιον.
860 279 938 361 ἀλλ’,
962 278 1145 362 ὁμόδουλοι,

334 384 416 462 Πρὶν
439 385 559 462 ψαῦςαι
582 384 779 463 ςπλάγχνων,
802 385 867 463 πῦρ
891 381 945 446 ἀπ’
962 383 1037 460 ἐμεῦ
1062 384 1229 463 ςβὲςατεῑ).

180 499 384 583 Quamquam
406 499 620 564 Philostratus
644 505 677 563 et
698 498 860 582 Meleager
887 518 1035 564 sermone
1058 497 1142 563 bene
1170 501 1255 564 inter
1277 518 1312 564 se

180 605 374 687 congruunt,
397 604 505 667 tamen
529 602 822 686 epistolographum
847 621 888 666 ex
912 602 973 666 hoe
995 603 1066 685 ipso
1086 603 1312 686 epigrammate

181 706 329 770 hausisse
352 724 451 788 neg03
476 704 639 787 Meleager
660 705 814 787 rhetoras
836 707 947 788 poetas
967 704 1180 769 Philostratus
1204 725 1313 770 aemu-

179 807 274 890 latur,
290 807 404 872 iisdem
420 813 555 890 uterque
571 806 691 891 gaudet
707 808 840 890 argutiis
857 807 1034 890 eodemque
1053 809 1212 872 sermonis
1227 808 1311 873 fuco.

271 910 362 976 Idem
377 912 446 976 tere
462 916 695 994 argumentum,
715 910 802 994 quod
822 911 978 996 epistulae
996 915 1035 975 11
1054 914 1129 996 (48),
1149 918 1198 977 est
1216 913 1311 976 etiam

179 1015 382 1096 insequentis
394 1014 579 1078 Philostrati
594 1014 758 1098 epistulae,
775 1033 888 1096 quase
904 1017 1125 1098 expugnatum
1141 1014 1179 1078 ab
1192 1017 1312 1080 Amore

181 1115 261 1181 dicit
281 1115 447 1199 oculisque
468 1116 640 1200 maledicit,
657 1118 713 1200 qui
728 1119 837 1201 ignem
854 1118 942 1182 hunc
956 1118 1053 1201 primi
1067 1119 1311 1182 transmiserint

180 1219 303 1284 Iterum
319 1220 483 1303 Meleager
497 1220 615 1284 similia
629 1219 771 1304 praebet,
788 1222 848 1285 etsi
864 1221 971 1285 verbis
989 1223 1092 1305 magis
1108 1220 1148 1285 ab
1165 1221 1311 1305 epistole-

179 1322 302 1406 grapho
323 1321 463 1403 recedit,
489 1323 635 1387 conferas
650 1323 836 1387 Philostrati
854 1324 895 1387 12
911 1322 994 1410 (alh
1015 1321 1100 1387 οὕτω
1119 1326 1170 1389 καὶ
1189 1325 1207 1388 ὁ
1228 1325 1310 1404 ἔρως
1421 1388 1424 1394 ,

178 1426 327 1502 τὴντῶν
351 1424 529 1504 ὀφθαλμῶν
552 1425 726 1504 ἀκρόπολιν
755 1428 1037 1505 (καταλαμβάνει)
1140 1428 1237 1506 ἡςυχῆ
1261 1429 1311 1491 καὶ

179 1530 259 1593 κατὰ
287 1531 399 1608 μικρὸν
427 1529 472 1594 εἰς
497 1532 554 1609 τήν
583 1533 692 1610 ψυχήν
722 1529 860 1595 ἐςδύεται
967 1530 1007 1593 τὰ
1031 1529 1060 1594 δ’
1084 1528 1221 1612 ὄμματα,
1245 1531 1311 1596 ἐπεὶ

178 1636 293 1711 πρῶτα
311 1632 428 1711 ςυνίηςι
447 1634 593 1714 κάλλους,
618 1635 669 1698 διὰ
687 1638 784 1699 τοῦτο
808 1634 935 1712 μάλιςτα
957 1636 1008 1698 καὶ
1031 1635 1137 1699 κάεται
1160 1655 1186 1698 κ.
1195 1656 1220 1698 τ.
1232 1635 1255 1699 ἕ.
1280 1641 1312 1699 et

179 1734 310 1799 Anthol.
326 1734 393 1798 Pal.
418 1735 484 1799 XII
501 1736 548 1831 83·
567 1736 723 1821 Meleagri
748 1738 957 1821 epigramma:

289 1861 336 1925 Οὔ
361 1862 391 1940 μ’
408 1862 547 1941 ἔτρωςεν
564 1861 673 1942 Ἔρως
695 1864 808 1945 τόξοις,
832 1863 871 1929 οῦ
896 1864 1035 1941 λαμπάδ’
1052 1863 1189 1944 ἀνάψας,

332 1963 385 2029 Ὡς
408 1965 521 2048 πάρος,
546 1966 748 2045 αἰθομέναν
773 1970 886 2044 θῆκεν
910 1966 982 2029 ῦπὸ
1006 1967 1156 2050 κραδίᾳ·

189 2151 190 2154 ,
287 2069 464 2146 Σῦγκωμον
488 2071 524 2132 δὲ
547 2069 679 2134 Πόθοια
702 2071 815 2148 φέρων
841 2068 996 2148 Κύπριδος
1021 2072 1222 2148 μυροφεγγὲς

332 2170 462 2252 Φανίον,
487 2169 587 2250 ἄκρον
611 2171 713 2250 ἐμοῖς
738 2170 871 2251 ὄμμαςι
894 2174 960 2250 πῦρ
983 2171 1108 2250 ἔβαλεν·

286 2273 340 2335 Ἐκ
364 2274 400 2336 δὲ
424 2294 461 2352 με
484 2275 607 2353 φέγγος
630 2273 727 2352 ἔτηξε.
748 2276 785 2339 τὸ
811 2278 847 2338 δὲ
871 2276 971 2354 βραχὺ
995 2274 1112 2354 φανίον
1137 2273 1231 2353 ὤφθη

332 2375 405 2454 Πῦρ
429 2377 547 2454 πεύκης
571 2382 608 2457 τῇ
628 2375 676 2459 ’μῇ
701 2376 872 2454 καιόμενον
895 2377 1049 2459 annotet).

268 2509 365 2573 Nunc
388 2508 427 2572 ad
447 2509 643 2573 Aristaeneti
667 2509 820 2593 epistulas
843 2515 1052 2592 transeamus,
1081 2529 1215 2593 quarum
1244 2531 1310 2575 una

175 2631 253 2696 pars
268 2610 307 2676 ab
319 2611 557 2695 epigrammatis
567 2613 656 2696 ipsis,
669 2612 769 2676 altera
784 2612 823 2676 ab
833 2612 949 2676 iisdem
962 2612 1200 2696 exemplaribus
1212 2618 1308 2696 atque

176 2715 408 2798 epigrammata
418 2712 560 2796 pendere
572 2712 708 2778 ridetur.
724 2717 832 2797 Atque
845 2715 982 2798 epistula
993 2714 1123 2797 quidem
1139 2715 1174 2778 Π
1188 2717 1239 2798 11,
1254 2717 1309 2780 cui

176 2817 334 2900 quaedam
361 2819 437 2879 sunt
459 2816 686 2881 similitudines
708 2837 782 2882 cum
807 2816 915 2882 Ovidii
936 2817 1040 2901 elegia
1060 2820 1132 2882 Am.
1153 2818 1187 2881 11
1209 2819 1251 2883 10
1277 2823 1310 2885 et

176 2939 254 2984 cum
270 2920 506 3003 epigrammatis
523 2920 723 3003 quibusdam,
744 2927 777 2985 et
791 2920 990 3005 Bhrgerusll
1010 2926 1042 2985 et
1060 2920 1308 3005 Gollnischius⁴)

271 3114 291 3185 ¹)
310 3113 350 3170 cf.
371 3114 457 3170 etiam
475 3114 562 3169 Portii
575 3114 665 3169 Licini
684 3115 872 3184 fragmentum
889 3116 1068 3186 (Fragmenta
1085 3119 1234 3186 poetarum
1252 3116 1307 3171 Ro-

174 3213 325 3255 manorum
344 3199 387 3254 ed.
407 3200 551 3254 Baehrens
570 3216 597 3269 p.
610 3200 686 3270 278);

339 3297 478 3353 Custodes
497 3298 593 3353 ovium
611 3302 782 3368 teneraeque
800 3297 973 3368 propaginis,
992 3315 1105 3369 agnum,

374 3383 516 3452 Quaeritis
535 3384 650 3454 ignem?
670 3384 708 3439 ite
726 3385 790 3440 huc.
814 3384 974 3454 Quaeritis?
993 3384 1066 3455 ignis
1084 3385 1205 3440 homost.

338 3467 367 3522 Si
386 3468 472 3538 digito
491 3469 619 3538 attigero,
638 3469 789 3525 incendam
807 3469 908 3524 silvam
927 3469 1010 3525 simul
1029 3486 1149 3537 omnem,

375 3553 464 3609 Omne
482 3569 570 3623 pecus
588 3554 737 3623 flammast,
757 3555 860 3623 omnia,
880 3571 936 3624 qua
954 3555 1046 3610 video.

268 3653 289 3721 ¹)
306 3652 447 3722 Meleager
461 3652 495 3707 de
508 3653 671 3708 Dioscoride
690 3653 811 3722 (Anthol.
825 3654 883 3709 Pal.
896 3654 919 3709 V
932 3653 994 3721 138)
1012 3654 1124 3723 pendet,
1138 3653 1185 3723 qui
1198 3653 1306 3724 primus

176 3740 278 3807 captae
297 3737 375 3792 urhis
387 3737 507 3807 (Troiae)
524 3737 686 3792 incendium
705 3753 769 3793 cum
788 3753 857 3793 suae
876 3738 979 3792 mentis
992 3738 1124 3793 incendio
1141 3739 1305 3795 contulerat.

175 3822 244 3878 Inde
264 3823 420 3893 explicatur
439 3823 525 3878 etiam
543 3823 705 3880 Philostrati
725 3823 854 3894 epistula.

267 3921 290 3992 ⁸)
308 3922 361 3977 ‘De
371 3921 463 3978 Ovidii
477 3921 633 3978 carminum
647 3922 847 3978 amatoriorum
860 3922 1024 3978 inventione
1038 3926 1066 3977 et
1075 3923 1146 3978 arte’
1157 3940 1183 3993 p.
1191 3922 1305 3979 14-16.

267 4020 290 4090 ⁴)
308 4021 504 4091 'Quaestiones
523 4021 679 4091 elegiacae'
697 4039 722 4092 p.
736 4021 851 4077 68-70.
