2962 4778
179 112 306 182 Sprachl.
319 112 569 181 Untersucbungen
587 128 621 165 zu
634 111 823 180 Theophrasts
840 108 935 165 boten.
946 110 1094 165 Schriften.
1160 105 1203 166 25

52 280 78 359 ἢ
106 285 234 349 κλάδου
258 286 277 362 ἢ
300 287 423 348 καυλοῦ
448 283 684 362 ἢᾶκρεμόνος·
703 286 739 348 τὸ
760 286 797 348 δὲ
821 284 860 346 δι’
878 282 917 347 οὗ
941 284 959 360 ἡ
985 287 1036 347 διὰ
1056 285 1203 362 μίςχουῆ

54 385 102 451 ,δι’
121 386 225 450 αὐτοῦ
244 386 260 451 Ι
278 387 329 467 10,
346 389 366 450 8
390 406 469 450 υειν.
487 406 581 465 μονα,
608 388 668 451 οὐκ
684 387 952 466 ἀκριβολοῐητέον
969 394 1015 472 τῷ
1033 388 1101 470 ὅρῳ
1118 387 1203 452 ἀλλὰ

52 496 107 572 τῷ
136 491 228 574 τύπῳ
253 493 389 569 ληπτέον
413 491 475 572 13,
492 493 526 568 5,
551 491 590 554 οὐ
613 493 673 570 γὰρ
694 491 806 570 μακροὶ
825 490 907 573 ἀλλά
927 494 1051 568 βραχεῖς
1071 489 1148 568 116,
1168 492 1202 562 7,

53 591 100 655 οὐ
129 595 250 657 καίεται
274 592 345 656 ἀλλ’
370 593 523 676 ἀποπηδᾷ
545 592 593 656 III
618 595 647 673 9,
672 594 706 669 3,
732 591 803 655 οὐδ’
826 593 857 657 ἐξ
881 591 1055 672 ὀφθαλμοῦ
1080 591 1150 655 ἄλλ’
1168 591 1202 654 ἐκ

52 697 123 757 τοῦ
154 696 293 770 πλαγίου
318 696 384 775 8,6
409 694 467 758 οὐκ
497 694 633 774 εὔχυλος
657 695 764 771 ὥςπερ
791 693 880 780 ἄλλα
909 692 974 757 ἀλλ’
996 693 1104 770 ὅμοιος
1133 698 1201 758 ταῖς

53 795 168 877 ῥόαις,
193 797 270 860 ὥςτε
294 800 333 874 μή
355 799 575 876 καταδίχεςθαι
596 798 676 861 ἀλλὰ
694 834 736 841 —-
753 797 914 875 ἐκβάλλειν
939 796 971 860 II
989 797 1017 872 6,
1034 800 1063 859 8.
1081 834 1121 841 -
1140 796 1202 860 Be-

53 899 202 963 sonders
228 899 417 982 begreiflieh
441 898 522 963 wird
546 900 603 963 der
622 898 707 979 Ηίαί,
733 918 826 962 wenn
850 900 883 962 in
908 899 965 962 der
984 899 1124 963 Ρωίλλολ
1145 920 1201 962 zu-

54 1001 173 1086 gleieh
198 1003 271 1066 eine
287 1002 447 1085 Negation
467 1004 553 1087 liegt,
577 1004 644 1067 also
669 1023 725 1065 vor
750 1003 827 1067 οὐδέ
851 1002 918 1066 und
938 1002 1027 1068 οὔτοι
1048 1022 1084 1066 so
1101 1004 1200 1082 μηλέα

57 1105 174 1183 οὐδ’ἡ
199 1106 261 1183 ῥόα
286 1105 391 1182 οὐδ’ἡ
418 1107 511 1171 ἄπιος
540 1102 619 1170 εἶναι
649 1105 720 1169 οὐδ’
738 1105 822 1170 ὅλως
851 1106 908 1170 ὅςα
931 1106 1200 1185 παραβλαςτητικὰ

57 1208 74 1271 Ι
94 1211 166 1289 3,3
191 1207 310 1291 (dieses
333 1208 474 1292 Beispiel
499 1209 619 1272 λςὸιιοίο
644 1229 718 1272 man
741 1209 825 1273 auch
850 1211 922 1273 eine
946 1211 1095 1293 negative
1120 1209 1200 1272 Auf-

57 1311 206 1394 zfihlung
230 1311 354 1392 heissen‚
378 1311 460 1375 iiber
482 1311 604 1375 welche
627 1311 714 1375 Fene
738 1332 762 1375 s.
783 1311 812 1376 S.
833 1312 929 1392 261).
973 1312 1060 1375 (λαοί
1083 1312 1200 1376 kurzes

60 1413 160 1478 Glied
190 1414 293 1478 haben
321 1414 381 1477 wir
408 1415 441 1476 in
470 1416 500 1477 αἱ
523 1415 629 1478 ἐλάται
654 1453 695 1460 -
720 1415 760 1479 οὐ
785 1418 847 1493 μήν
876 1415 998 1494 ὁμοίως
1026 1438 1062 1491 γε
1085 1418 1199 1497 πυκναὶ

60 1517 135 1581 οὐδ’
154 1519 287 1594 ὡραῖαι·
317 1516 392 1581 οὔτε
415 1519 476 1597 γὰρ
506 1518 594 1596 ῥίζαν
617 1519 709 1582 πάντ’
723 1520 793 1602 ,ἔχει
817 1518 891 1584 οὔτε
915 1522 1035 1584 καυλόν
1058 1519 1074 1581 Ι
1093 1523 1120 1601 1,
1142 1521 1198 1596 11,

61 1621 139 1687 οὔτε
165 1625 267 1704 κραδᾷ
291 1619 366 1685 οὔτε
390 1622 562 1703 ςφακελίζει
587 1620 662 1686 οὔτε
687 1627 796 1706 φωριᾷ
820 1621 894 1687 οὔτε
920 1626 1132 1702 ςκωληκοῡται
1150 1623 1198 1685 IV

64 1726 92 1803 1,
103 1728 139 1804 4,
152 1723 224 1789 οὔθ’
237 1727 341 1804 ὅμοιοι
354 1729 470 1791 πάντες
482 1727 553 1790 οὔθ’
565 1728 623 1792 ίςοι
637 1726 708 1791 οὔθ’
722 1728 785 1803 ἅμα
797 1729 1018 1806 βλαςτάνουςιν
1029 1725 1062 1788 0.
1073 1725 1089 1788 I
1101 1727 1151 1805 11,
1162 1725 1197 1799 4,

63 1827 185 1892 Feruor
208 1830 322 1912 gehert
344 1831 486 1894 hierher:
512 1833 696 1911 διαφέροντι
714 1836 760 1914 τῷ
785 1833 871 1910 μήκει
891 1832 940 1894 καὶ
962 1835 1007 1912 τῷ
1031 1829 1132 1906 πάχει,
1158 1828 1197 1889 οὐ

65 1933 126 2009 μὴν
147 1933 268 2011 ὁμοίω(
285 1952 321 2006 γε
340 1935 455 1997 πυκναί
471 1933 518 1995 IV
538 1935 565 2013 1,
582 1935 601 1997 2
620 1934 686 1997 und
703 1936 796 2015 λέγω,
815 1935 874 2012 οὐχ
893 1934 973 1997 ὥςτε
993 1950 1071 1994 υονν.
1088 1931 1104 1995 1
1121 1933 1149 2010 8,
1169 1931 1197 1992 1.

63 2032 205 2099 Hierher
224 2036 303 2098 wird
323 2056 398 2099 man
422 2055 473 2099 am
497 2036 608 2100 besten
633 2037 716 2101 auch
741 2037 793 2100 die
812 2036 908 2100 Hiate
933 2055 991 2099 vor
1014 2035 1128 2113 ὥςπερ,
1153 2034 1197 2097 ὡς

64 2136 130 2200 und
155 2137 227 2203 οῐον
250 2138 373 2220 ziehen,
398 2159 447 2201 wo
470 2139 544 2220 jene
569 2139 659 2202 nieht
682 2139 728 2202 als
752 2137 1013 2203 satzeinleitende
1029 2136 1198 2216 Konjunk-

66 2242 173 2306 tionen
190 2243 368 2326 gebruueht
382 2243 470 2306 sind:
488 2243 714 2322 ἐπιμελαίνεται
727 2243 831 2319 ὥςπερ
849 2244 984 2320 μυξώδει
1000 2240 1132 2321 ὑγραςίᾳ
1147 2238 1197 2302 III

67 2346 113 2426 13,
130 2346 166 2426 2,
191 2348 230 2409 τὰ
255 2350 311 2424 μὲν
335 2347 446 2412 ἁπλῶς
472 2347 543 2410 εἰςιν
563 2346 695 2410 ἄκανθαι
715 2345 821 2422 ὥςπερ
845 2343 1033 2424 ἄςφάραγος
1051 2341 1097 2404 VI
1115 2342 1143 2422 1,
1160 2343 1195 2418 3,

66 2444 138 2512 εἶναι
155 2450 262 2527 ὥςπερ
284 2453 333 2514 καὶ
353 2450 371 2528 ἡ
392 2448 522 2528 ἄργιλος
541 2448 573 2512 0.
587 2448 634 2513 VI
651 2451 680 2528 3,
698 2451 732 2524 2,
757 2445 923 2525 βλαςτάνει
940 2447 984 2510 ὡς
1001 2445 1052 2510 ἐπὶ
1068 2449 1133 2509 πᾶν
1149 2442 1196 2508 ΙΙΙ

65 2550 371 2633 2,1,ἀκοινθίζοντα
395 2553 439 2615 ὡς
458 2553 476 2629 ἡ
497 2552 657 2630 θριδακίνη
678 2549 694 2612 Ι
712 2551 762 2630 10,
780 2553 815 2627 ί,
835 2550 962 2626 μάλιςτα
982 2549 1011 2612 δ’
1028 2549 1131 2628 εὐφυῆ
1152 2548 1196 2618 ὡς

63 2655 89 2728 γ’
107 2656 153 2720 ἐνὶ
171 2659 278 2733 λαβεῖν
297 2654 330 2718 O.
346 2654 363 2718 I
381 2655 409 2736 6,
426 2656 462 2732 4,
483 2655 523 2731 μή
544 2652 631 2717 οὓτω
651 2655 770 2717 λεπτόν
791 2674 818 2716 τι
835 2653 879 2717 ὡς
896 2653 1026 2727 ςτεγνόν
1044 2651 1127 2715 QVI
1145 2654 1196 2732 19,

61 2759 80 2820 3
100 2757 176 2840 (W).
201 2757 269 2821 Vor
285 2757 356 2825 οἷον
376 2755 480 2820 findet
498 2756 568 2819 sich
584 2755 663 2818 Hiet
682 2756 757 2819 sehr
775 2756 822 2819 oft
840 2754 892 2818 bei
908 2754 1116 2837 Einfiihrung
1132 2774 1196 2818 von

60 2857 255 2944 Beispielen‚
266 2878 301 2924 so
312 2860 357 2923 im
369 2861 396 2924 1.
409 2859 500 2923 Bueh
512 2858 615 2923 8mal:
630 2860 864 2937 ςκληρυνομὲνη
877 2857 947 2923 οίον
958 2859 1067 2922 ἐντοῖς
1080 2860 1195 2937 φοίνιξι

58 2981 139 3030 ιλεπ.
165 2962 226 3043 12,
247 2965 281 3040 ί,
306 2965 532 3043 βραχυςτελέχη
557 2963 625 3028 οίον
650 2964 713 3027 ίτέα
736 2982 816 3027 που.
837 2964 917 3045 5,1,
943 2962 1048 3038 ὀῑώὸη
1069 2959 1138 3025 ολον
1157 2962 1196 3023 τὰ

58 3070 115 3144 τῆς
143 3071 263 3145 πευκῆς
293 3068 322 3148 5,
350 3068 385 3145 4,
416 3067 450 3131 ἐν
479 3066 525 3132 ολς
554 3068 634 3133 ἐςτιν
664 3065 762 3148 ἄμφω
792 3065 861 3133 οίον
885 3064 1073 3142 κυπάριττος
1099 3065 1129 3139 8,
1157 3064 1193 3139 2,

60 3170 161 3233 πλείω
184 3206 226 3215 -
248 3171 287 3234 τὰ
310 3171 385 3248 γένη
411 3169 482 3234 ολον
505 3171 544 3234 τὰ
569 3170 647 3232 κατὰ
670 3169 726 3232 τὰς
749 3170 857 3248 χώρας
878 3169 1060 3246 καλούμενα
1084 3167 1195 3244 ςιίρδια

150 3344 171 3409 ¹)
191 3342 258 3396 Man
276 3342 347 3396 wird
366 3342 428 3397 hier
440 3341 677 3410 Verschmelzung
689 3341 767 3395 nicht
780 3339 949 3405 annehmen,
969 3340 1043 3394 auch
1057 3356 1140 3394 wenn
1152 3339 1194 3394 sie

61 3430 141 3479 sonst
162 3427 237 3480 nach
257 3425 321 3481 dem
339 3428 593 3495 vorausgehenden
605 3426 693 3481 Vokal
713 3426 833 3495 gelflufig
851 3425 896 3491 ist,
920 3424 1121 3494 ehensowenig
1139 3424 1194 3477 Eli·

62 3511 175 3578 sionem
196 3511 272 3566 denn
290 3511 333 3566 sie
352 3512 581 3582 widerspriichen
597 3512 629 3580 ja
644 3512 707 3565 dem
721 3512 800 3578 Sinn,
820 3511 915 3565 indem
929 3511 970 3565 sie
984 3510 1029 3564 die
1044 3510 1133 3564 Pause
1147 3509 1194 3564 be·

62 3597 199 3666 seitigten.
227 3596 293 3651 Dies
312 3598 360 3666 gilt
379 3614 435 3652 von
455 3599 519 3654 dem
536 3614 646 3668 ganzen
658 3597 820 3663 Abschnitt3
840 3612 872 3650 so
886 3596 956 3650 wird
969 3611 1035 3650 man
1053 3613 1075 3648 z.
1091 3595 1120 3648 B.
1133 3599 1194 3647 τῶν

63 3682 156 3735 ἄλλων
169 3682 327 3748 ὺλημιίτων
339 3682 435 3753 (ἐςτίν)
448 3684 508 3736 ἐνια
522 3683 540 3735 ἃ
552 3684 621 3736 τοὺς
634 3682 766 3748 ψυχροὺς
779 3685 855 3747 ζητεῖ
866 3682 974 3734 τόπους
987 3681 1020 3736 lv
1034 3681 1059 3747 ί),
1074 3681 1099 3748 1,
1115 3679 1195 3735 nicht

62 3766 205 3833 elidieren,
230 3767 267 3822 da
289 3783 342 3822 vor
365 3768 429 3822 dem
448 3767 717 3837 Relativpronomen
737 3765 783 3820 die
802 3767 893 3822 Panse
917 3765 1012 3820 iiblich
1030 3765 1076 3831 ist,
1096 3764 1128 3833 ja
1146 3781 1193 3834 ge·

62 3851 165 3906 fordert
188 3851 267 3906 wird.
297 3852 397 3907 Solche
416 3853 555 3922 Beispiele
579 3852 643 3907 sind
666 3853 765 3906 darum
789 3852 862 3906 auch
880 3850 1106 3920 beriicksichtigt.
1136 3850 1195 3912 Nur

62 3935 104 3991 bei
123 3953 197 4007 ganz
208 3937 316 3994 kurzen
329 3937 463 3995 Gliedern
476 3937 546 3993 wird
559 3954 625 3995 man
639 3936 773 4006 richtiger
785 3936 892 3991 Elision
909 3935 1008 4006 (bezw.
1019 3935 1193 3990 Versehmel·

63 4024 142 4092 zung)
161 4023 333 4090 annehmen,
353 4039 386 4078 so
405 4023 434 4076 in
453 4023 488 4076 τιλ
500 4040 532 4076 τε
545 4022 698 4090 λαχανὼδη
718 4023 812 4076 πάντα
824 4023 841 4088 ἢ
856 4023 892 4075 τὰ
904 4021 1041 4080 πλεῑςταλ
1053 4020 1079 4090 3,
1092 4021 1111 4075 4
1122 4037 1192 4091 ωινι.
