2872 4822
9 371 12 512 ᾗ
228 345 415 415 Quaestiones
435 345 550 400 criticae
569 346 599 399 in
618 346 815 416 Aristophanis
834 348 953 403 tabulas.
1094 345 1158 407 229

9 512 13 552 l
67 519 170 581 comicus
192 519 239 597 χὼ
263 519 349 582 Κεῖος
373 516 576 607 (Simonides)
600 520 717 582 omisso
741 521 871 583 nomine
890 520 1016 584 dixerit.
1046 522 1159 604 Neque

66 619 180 684 heinchii
196 621 328 684 mutatio
347 623 396 684 καὶ
412 620 522 703 Λᾰςος,
543 640 626 702 quac
644 622 705 704 ipsi
721 622 740 684 l.
757 622 775 684 l.
793 622 916 686 incerta
932 624 1068 703 videtur,
1087 645 1159 708 pro·

9 720 11 803 ζ
66 721 144 787 babilis
165 732 217 788 cst
257 724 346 800 Quas
370 743 445 787 cum
467 725 513 787 ita
535 724 608 804 sint
636 724 707 788 aliis
730 745 860 807 quoquo
883 727 1159 791 emendationibus

9 812 11 887 Ξ
66 827 133 904 (volut
150 828 276 906 ἀρχαῖος
300 826 489 907 Hermarchi,
514 828 563 890 καὶ
586 829 702 891 πάντες
717 828 862 903 Valseni)
885 830 1060 911 repudiatis
1084 851 1159 894 cum

9 895 11 991 l
66 927 216 992 Ιοιιιποιιίο
250 930 345 1012 culpa
373 930 574 992 librariorum
603 930 724 993 litteras
754 931 983 995 ΚΑΙΑΛΚΑΙΟΣ
1011 934 1044 995 in
1074 935 1158 997 ΚΑΙΑ

9 1007 11 1089 l
65 1030 144 1096 ΧλΙΟΣ
170 1071 212 1080 -
244 1034 292 1096 sic
324 1034 409 1096 enim
443 1033 650 1097 scribendum
682 1034 766 1097 duco
799 1053 856 1116 pro
886 1034 1071 1099 Lccuwenii
1105 1036 1159 1099 illo

66 1134 217 1200 λλλλΑΙΟΣ
234 1142 266 1199 et
283 1137 489 1200 ΚΑιΑΧΑΙΟΣ
507 1173 550 1181 -
571 1137 687 1200 abiisse
706 1156 879 1219 veramque
898 1138 1068 1202 lectionem
1088 1140 1160 1203 κόλ-

67 1240 124 1301 noio(
133 1240 328 1323 Aristophani
346 1241 553 1322 grammatico
569 1240 680 1304 deberi
697 1260 872 1322 censorem,
889 1242 951 1304 nisi
967 1261 1160 1305 commemo-

67 1341 121 1403 ratio
138 1342 239 1407 Alcaei
262 1364 281 1406 a
304 1344 467 1406 sententia
494 1343 591 1406 huius
615 1343 677 1407 loci
701 1344 896 1407 alienissima
920 1352 1011 1409 esset.
1046 1345 1160 1426 ltaque

68 1459 118 1504 ιιιιιι
134 1445 160 1507 in
182 1446 329 1510 versibus
352 1447 468 1509 nostris
487 1466 590 1511 sermo
609 1447 668 1511 fiat
687 1447 726 1510 do
746 1447 848 1530 poetis
866 1447 939 1528 illis,
964 1448 1020 1528 qui
1039 1454 1160 1530 tempo-

67 1543 128 1609 ribus
146 1550 318 1630 praeoeritis
346 1550 543 1613 harmoniam
568 1550 802 1630 emolliverunt,
830 1549 936 1613 Keilio
960 1556 1091 1614 auctore
1114 1550 1160 1612 lo-

68 1649 189 1714 cutionem
217 1651 433 1716 adverbialem
457 1654 618 1733 τάρχαῑον,
647 1655 666 1715 i.
691 1672 717 1716 e.
743 1655 922 1736 antiquitus
950 1653 1075 1733 (collato
1101 1653 1159 1716 Nb.

69 1766 134 1815 versu
152 1757 221 1833 593)
245 1756 323 1819 huic
346 1755 417 1819 loco
441 1776 504 1819 nou
529 1757 669 1838 ineptam
695 1758 923 1840 proposuerim.
956 1757 994 1818 ln
1014 1758 1160 1839 proximo

68 1861 143 1918 tuton
167 1878 257 1922 versu
289 1859 528 1938 ἐμιτροφόρουν
554 1880 588 1922 τε
616 1861 674 1923 καὶ
704 1859 901 1924 διεκλῶντ’
926 1879 998 1922 cum
1028 1859 1160 1941 Toupio,

70 1951 210 2043 Βλιριίοιίο,
240 1962 449 2042 Leouvveuio,
482 1961 553 2024 aliis
585 1965 662 2043 (non
694 1963 854 2041 κάχλίδαιν
884 1982 957 2025 cum
988 1961 1160 2043 Mcinclrio,

69 2058 107 2118 cui
122 2061 308 2148 Bueugcrus:
339 2064 388 2127 De
411 2066 466 2128 Ar.
484 2064 541 2146 Eq.
559 2063 608 2128 Ls.
625 2065 679 2127 'ln
697 2065 780 2148 apud
806 2065 894 2127 Suid.
910 2065 976 2128 rell.
993 2085 1022 2148 p.
1039 2067 1082 2128 46
1106 2064 1160 2128 ad-

71 2160 208 2249 stipulatur)
231 2167 439 2230 scribendum
463 2170 530 2231 erit

132 2267 159 2330 ln
177 2291 201 2333 v.
219 2274 283 2334 393
303 2273 359 2335 τὰς
378 2271 579 2335 οἰνοπότιδας
597 2271 655 2352 (R),
674 2272 731 2335 τὰς
751 2272 953 2352 προδότιδας,
968 2273 1024 2335 τὰς
1043 2273 1161 2336 λάλου(

71 2365 131 2443 prior
146 2374 306 2438 scholiasta
328 2374 356 2437 R
380 2375 546 2438 οἰνοπίπας
571 2375 657 2457 legit.
685 2373 779 2450 Quod
803 2373 996 2438 adiectivum
1016 2376 1161 2456 Synrnra·

71 2464 126 2532 obus
137 2477 241 2541 scholio
259 2478 367 2541 iudico
384 2497 448 2541 non
468 2477 549 2541 benc
569 2478 608 2540 ad
629 2478 824 2541 locutionem
843 2481 973 2541 πιπίζειν
992 2481 1049 2541 τὸν
1071 2474 1162 2541 οἶνον

71 2575 166 2658 rettulit,
191 2601 263 2645 cum
295 2581 357 2644 hoc
386 2599 484 2643 sensu
512 2581 596 2663 apud
626 2582 751 2644 Atticos
779 2600 842 2642 non
872 2588 996 2643 extaret
1027 2580 1161 2643 verbum

72 2676 171 2751 ππίίειν,
195 2683 252 2747 sed
276 2683 411 2745 imitatio
437 2690 521 2746 esset
544 2684 632 2746 vocis
656 2683 706 2763 (cf.
723 2683 867 2764 Hesycb.
888 2704 911 2746 s.
928 2703 956 2746 v.
973 2685 1107 2747 πιπίζειν
1131 2691 1162 2746 et

74 2773 182 2867 tutuo,
203 2788 257 2850 ubi
285 2788 345 2850 hoc
366 2786 501 2850 verbum
521 2786 559 2850 do
579 2787 728 2868 clangore
747 2787 855 2849 avium
874 2793 1063 2869 usurpatum
1088 2790 1161 2867 est);

73 2891 188 2954 luctare
204 2893 311 2973 igitur,
331 2890 434 2972 pergit
451 2889 557 2970 schol,
575 2891 741 2967 οἰνοπίπης
758 2890 798 2953 ad
814 2891 1005 2968 παιδοπίπης
1023 2891 1163 2971 exigere,

73 2978 135 3046 Alter
145 2993 303 3056 scholiasta
319 2993 356 3071 R,
374 2994 428 3074 qui
446 2992 622 3055 adnotavit:
639 2994 677 3055 τὰ
693 2996 819 3057 πλεῑςπα
835 2993 1022 3055 οἰνοπίπους
1042 2996 1163 3071 (minuc

72 3076 174 3157 liutheri,
193 3116 234 3160 ex
255 3095 357 3159 Suida
381 3116 404 3158 s.
422 3116 449 3158 v.
468 3095 648 3175 οἰνοπόται)
672 3095 741 3177 ἔχει,
766 3094 851 3158 haud
876 3096 942 3157 scio
969 3114 1007 3157 an
1035 3096 1163 3158 olvonb·

71 3188 129 3254 nto<
142 3194 250 3281 legerit.
275 3199 326 3262 Ex
345 3198 549 3262 adnotatione
568 3199 683 3281 prioris
702 3199 892 3262 scholiastae
912 3198 1059 3279 sequitur
1078 3198 1163 3261 οἰνο-

69 3286 134 3368 tllll<
151 3300 289 3366 latinum
311 3302 549 3383 “vinolentus''‚
574 3301 659 3382 quod
685 3303 844 3365 sententia
864 3301 960 3363 huius
984 3300 1048 3363 loci
1072 3300 1163 3382 flagi·

69 3388 134 3480 tatur,
150 3424 206 3469 non
227 3406 422 3489 significare.
448 3403 574 3488 Optime
594 3425 671 3468 voro
690 3405 752 3468 hoo
770 3424 868 3467 sensu
889 3410 1062 3486 usurpatur
1080 3404 1163 3466 οἰνο-

67 3492 136 3578 ¹¹⁶th
157 3512 237 3588 (tem.
254 3510 378 3589 -πότιςλ
415 3509 586 3573 Praeterea
615 3509 818 3572 οἰνοπότιδας
847 3527 865 3569 a
889 3508 1011 3569 comico
1036 3511 1164 3588 propter

66 3608 222 3677 πβοδόπδας
246 3612 503 3676 homoeoteleuto
529 3613 681 3675 effectum
702 3630 772 3675 asso
796 3610 864 3673 veri
889 3615 938 3673 est
956 3609 1162 3672 simillimum.

67 3695 156 3777 Quibus
174 3716 214 3779 de
233 3717 343 3779 causis
363 3717 584 3779 accusativum
602 3715 683 3798 plur.
700 3713 891 3776 substantivi
911 3712 1080 3791 olvondnc,
1100 3731 1163 3793 quo

64 3803 268 3884 Anacreontem
287 3838 383 3883 usum
402 3837 472 3883 esse
492 3823 719 3883 commemorat
737 3816 853 3880 Pollux
871 3815 926 3895 vl,
944 3817 986 3877 22
1011 3816 1060 3877 καὶ
1080 3814 1163 3876 οἰνο-

61 3911 130 3996 πότης
150 3927 198 3987 καὶ
222 3923 386 3987 οἰνοπότις
408 3924 488 3998 γυνὴ
514 3922 558 3984 ὡς
578 3921 766 4001 Ἀνακρέων,
791 3939 863 3982 cum
885 3918 1061 3996 Diudortio‚
1083 3916 1163 3979 Moi-

60 4018 134 4106 ῃθλιό,
151 4028 222 4090 aliis
242 4029 357 4090 contra
375 4025 546 4089 lectionem
565 4025 731 4088 οἰνοπίπας
751 4045 769 4086 a
787 4021 964 4086 Fritzschio
985 4026 1018 4083 ct
1035 4020 1164 4101 liugero

56 4126 181 4200 probante
205 4130 380 4211 Buengoro
404 4127 463 4209 (De
484 4129 538 4191 Ar.
555 4127 613 4209 Eq.
631 4126 680 4191 hs.
696 4126 750 4189 Th.
768 4125 854 4208 apud
877 4124 964 4188 Suid.
981 4124 1047 4185 rell.
1064 4143 1092 4205 p.
1110 4125 1152 4184 48

53 4240 187 4315 receptam
211 4235 284 4297 sine
309 4231 374 4296 ulla
398 4230 596 4294 dubitatione
620 4229 802 4313 amplector.
