2978 4814
260 326 281 389 8
689 329 807 385 Victor
827 328 965 400 Coelen,

262 503 391 567 roribus
411 501 475 566 aR
499 500 653 566 differre’'
676 500 862 567 Thierschio
886 501 1055 568 videbatur
1076 505 1110 569 in
1133 504 1215 570 Mus.
1235 505 1336 571 Rhen.
1352 506 1394 590 H,

268 608 363 689 1843,
387 626 417 690 p.
435 607 499 669 245
525 612 558 669 et
581 604 708 688 Engero
731 604 765 667 in
788 605 887 688 praef.
904 604 978 689 Lys.
994 627 1024 691 p.
1041 607 1116 671 XII.

352 709 442 774 Haec
458 708 499 773 dc
517 707 685 773 codicibus
703 707 841 773 dicenda
863 715 961 774 erant
985 710 1054 774 Iam
1072 717 1166 776 notae
1184 712 1395 797 proferantur,

262 834 347 908 quas
373 814 406 876 in
440 816 506 876 tota
529 811 715 893 quaestione
744 809 892 875 adhibui:

260 931 341 996 th.
355 960 390 983 =
404 929 639 1009 Acharnenses,
694 925 744 990 Ls.
760 957 794 980 =
810 925 993 1011 Lysistrata,
1072 929 1127 995 Ra.
1143 961 1177 984 =
1193 930 1311 1014 Ranae,

260 1035 321 1098 Aa.
338 1064 372 1087 =
389 1035 485 1115 Aves,
692 1030 753 1094 Nb.
774 1061 808 1083 =
828 1029 949 1114 Nubes
1070 1032 1395 1118 Th.=l‘hemospho·

261 1138 316 1203 Ec.
334 1169 368 1191 =
389 1136 638 1217 Ecclesiazusae,
694 1133 747 1197 Po.
769 1165 803 1187 =
823 1133 902 1215 Pax,
1115 1137 1267 1220 riazusae,

260 1240 319 1323 Eq.
333 1271 367 1293 =
381 1239 523 1322 Equites,
695 1237 739 1300 Pl.
760 1268 794 1291 =
816 1236 938 1319 Pluma,
1071 1238 1132 1322 Vp.
1147 1271 1182 1293 =
1197 1239 1336 1324 Vespae3

261 1344 302 1428 gl.
319 1375 353 1396 =
370 1344 537 1426 glossema,
639 1340 1042 1424 praef.=praeferendum,
1074 1361 1098 1405 r.
1116 1373 1151 1395 =
1168 1350 1263 1408 recte.

352 1459 376 1544 †
400 1458 475 1523 Una
498 1476 596 1522 cruce
618 1457 728 1520 notavi
752 1475 805 1521 eas
828 1456 991 1540 lectiones,
1015 1477 1097 1540 quae
1115 1461 1259 1524 numeris
1283 1459 1395 1525 adrer-

263 1564 382 1644 santur,

352 1666 400 1749 ††
424 1664 549 1728 duabus
569 1683 632 1745 eae,
652 1682 735 1746 quae
755 1671 810 1727 aut
828 1684 846 1726 a
865 1682 962 1728 sensu
979 1666 1035 1728 aut
1050 1663 1089 1728 ab
1106 1670 1174 1729 arte
1189 1667 1396 1749 grammatica

264 1768 437 1832 abhorrent
459 1772 516 1832 aut
538 1766 690 1831 mendum
713 1766 766 1830 vel
790 1767 1003 1850 corruptelam
1026 1767 1188 1850 praebent,

354 1869 548 1936 *asterisco
573 1869 714 1951 denique
737 1888 800 1951 eas,
825 1869 864 1934 de
889 1870 1007 1952 quibus
1027 1870 1133 1935 fusius
1153 1871 1313 1955 agendum
1339 1877 1395 1937 est

354 1974 401 2039 Bl.
418 1976 456 2038 A.
474 1974 507 2037 C.
525 1973 577 2037 Gr.
595 2003 629 2026 =
646 1971 810 2055 Blaydesii
833 1974 992 2038 Analecta
1008 1974 1139 2039 Comica
1155 1975 1284 2054 Graeca,
1303 1974 1395 2039 Halis

263 2077 427 2143 Saxonum
453 2078 548 2140 1905.

354 2180 478 2262 Bueng.
497 2210 531 2232 =
549 2178 712 2263 Buengeri
729 2178 777 2243 De
790 2180 1013 2262 Aristophanis
1028 2179 1184 2262 Equitum
1200 2180 1396 2263 Lysistratao

265 2283 664 2366 Thesmophoriazusarum
678 2283 762 2366 apud
772 2281 901 2347 Suidam
913 2283 1068 2365 reliquiis,
1081 2283 1287 2366 Argentorati
1301 2285 1396 2348 1878.

359 2385 515 2451 Croenert
544 2385 678 2450 Memor.
699 2386 751 2449 Gr.
771 2385 867 2449 Herc.
889 2416 923 2438 =
945 2384 1102 2448 Memoria
1125 2386 1247 2450 Graeca
1268 2385 1397 2451 Hercu·

264 2489 408 2552 lanensis
432 2508 506 2552 eum
531 2488 696 2551 titulorum
713 2489 853 2571 Aegypti
873 2507 1068 2571 papyrorum
1088 2487 1235 2553 codicum
1257 2488 1397 2571 deniquo

270 2591 462 2655 testimoniis
487 2597 700 2674 comparatam
724 2591 890 2673 proposuit
914 2590 950 2654 G.
967 2590 1128 2672 Croenert,
1153 2590 1280 2674 Lipsiae
1301 2594 1397 2656 1903.

356 2692 464 2756 Horu.
482 2693 576 2756 Vind.
593 2696 648 2757 Ar.
666 2724 699 2746 =
720 2693 932 2757 Herwerdeni
949 2692 1118 2759 Vindiciae
1134 2695 1396 2778 Aristophaneus,

264 2795 416 2877 Lugduni
439 2795 632 2858 Batavorum
662 2797 756 2859 1806.

356 2899 453 2962 Mein.
468 2897 563 2961 Vind.
574 2901 630 2962 Ar.
644 2930 678 2952 =
691 2899 844 2962 Meinelrii
856 2899 1078 2964 Vindiciarum
1091 2900 1397 2985 Aristophanearum

263 3002 353 3084 liber,
377 3001 504 3085 Lipsiae
532 3003 626 3065 1865.

356 3105 569 3169 Meisterhans
596 3136 630 3158 =
658 3105 1083 3188 Meisterhans-Sclrwyzer,
1114 3106 1310 3170 Grammatik
1340 3105 1397 3171 der

266 3210 423 3274 attischen
446 3208 649 3289 lnsohriften,
672 3207 781 3271 Berlin
809 3210 902 3272 1900.

357 3313 475 3395 Reisig.
501 3311 589 3375 Coni.
612 3343 646 3365 =
671 3311 805 3393 Reisigii
833 3311 1048 3376 Coniectanea
1077 3313 1111 3375 in
1140 3312 1397 3396 Aristophanem,

267 3415 394 3499 Lipsiae
420 3417 515 3479 1816.

357 3518 389 3581 Ζ.
409 3519 464 3582 Ar.
484 3517 527 3582 St.
549 3548 584 3570 =
606 3517 738 3599 Zacher,
769 3517 1138 3600 Aristophanesstudien.
1173 3518 1282 3583 Erstes
1312 3517 1398 3583 Heft

269 3621 525 3703 Anmerlrungen
546 3641 588 3683 zu
611 3620 854 3704 Aristophanes’
876 3621 1012 3703 Rittem,
1040 3620 1169 3705 Leipzig
1194 3623 1288 3686 1898.

358 3724 530 3789 Praeterea
544 3724 616 3807 plus
632 3725 780 3788 minusve
796 3725 874 3788 alios
889 3724 988 3788 libros
1006 3726 1041 3787 in
1060 3744 1156 3788 usum
1174 3725 1297 3806 rocavi,
1317 3745 1398 3808 quos

268 3846 327 3892 suo
359 3847 523 3910 quemque
553 3827 623 3891 loco
653 3828 822 3910 proferam.
861 3827 900 3891 In
928 3829 1124 3892 comicorum
1152 3828 1339 3912 fragmentis
1367 3835 1400 3894 et

267 3929 465 3994 Meinelrium
490 3937 521 3994 et
536 3930 694 3994 Kookium
719 3937 849 3994 secutus
873 3950 953 3994 sum.
978 3930 1099 3995 Versus
1118 3932 1204 3996 enim
1219 3933 1398 3996 secundum

270 4032 422 4097 Meinekii
453 4033 627 4097 editionem
654 4034 773 4117 protuli
796 4033 912 4097 additis
934 4035 1077 4098 numeris
1102 4034 1251 4099 editionis
1274 4034 1399 4118 Koclrii,

269 4156 349 4218 quos
374 4135 537 4220 quadratis
563 4138 653 4201 uncis
677 4137 802 4201 inclusi.
