3308 4938
353 427 395 490 38
716 427 854 498 Ludwig
872 429 1115 498 Rosenmeyer,

351 603 580 686 Kroymannus
595 603 665 667 loco
683 601 763 666 Adv.
777 601 875 666 Marc.
887 599 962 665 IIIa
987 599 1052 683 (Kr
1068 597 1182 680 385l1)
1198 597 1357 663 adductus
1373 599 1480 662 nestra

350 704 449 770 verba
472 707 615 770 mutavit.
640 703 703 770 Sed
725 703 900 786 videamus,
923 722 965 768 nc
988 703 1095 786 potius
1117 701 1172 766 ille
1194 702 1287 766 locus
1308 699 1480 765 mutandus

350 809 399 873 sit.
432 808 595 892 Scriptum
618 808 664 872 ibi
687 809 825 892 legimus
849 803 1014 888 (384t24h
1040 805 1214 888 ‘agnovit
1236 803 1303 868 bos
1327 821 1479 888 posses-

349 930 472 978 sorem
499 931 608 976 suum
635 915 673 977 et
695 911 827 976 asinus
851 927 1037 994 praesepe
1061 907 1206 972 domini
1229 909 1302 990 sui,
1330 906 1478 971 Israhel

247 1002 249 1016 '
350 1021 475 1079 autem
496 1035 551 1080 me
570 1035 644 1080 non
662 1013 844 1097 cognovit
862 1015 899 1077 et
916 1011 1081 1096 populus
1100 1029 1156 1076 me
1174 1031 1249 1076 non
1268 1010 1478 1074 intellexit.

349 1135 409 1181 nos
433 1117 563 1201 quidem
587 1119 668 1182 certi
688 1115 853 1182 Christum
876 1133 1004 1200 semper
1026 1115 1061 1177 in
1083 1115 1248 1198 prophetis
1266 1115 1419 1194 locutum,
1435 1149 1479 1161 -

349 1222 496 1306 spiritum
521 1223 647 1286 scilicet
670 1221 832 1304 creatoris,
855 1221 941 1285 sicut
963 1219 1117 1304 prophete
1139 1221 1290 1282 testetur:
1315 1236 1478 1302 persona

349 1327 510 1408 spiritus
526 1325 651 1388 nostri
668 1323 844 1388 Christus
861 1323 1037 1387 dominus
1054 1359 1098 1372 -
1113 1321 1170 1404 qui
1182 1321 1220 1385 ab
1233 1320 1326 1384 initio
1339 1321 1480 1384 vicarius

348 1429 447 1510 patris
466 1427 500 1490 in
521 1427 573 1492 dei
592 1427 722 1491 nomine
742 1431 773 1492 et
788 1425 916 1490 auditus
931 1427 974 1490 sit
989 1430 1021 1490 et
1036 1426 1135 1504 visus,
1155 1425 1284 1488 scimus.
1302 1473 1309 1487 .
1326 1473 1333 1486 .
1350 1425 1368 1486 .’
1401 1423 1479 1488 Sen-

347 1531 448 1595 tentia
459 1533 508 1595 est
520 1531 614 1595 haec:
628 1529 751 1594 Israhel
761 1528 924 1594 Christum
934 1548 999 1592 non
1010 1528 1168 1611 cognovit.
1186 1525 1361 1590 Christiani
1371 1527 1478 1589 autem

348 1632 456 1697 sciunt
472 1633 633 1698 Christum
653 1634 855 1714 (sermonem)
874 1650 1001 1715 semper
1019 1632 1053 1694 in
1069 1630 1231 1714 prophetis
1247 1629 1390 1693 locutum
1408 1646 1479 1692 esse

349 1741 383 1799 ut
398 1736 545 1820 spiritum
563 1735 724 1817 creatoris,
741 1736 826 1800 sicut
841 1735 995 1819 propheta
1007 1736 1151 1799 testetur.
1170 1733 1284 1815 ltaque
1296 1732 1378 1796 nihil
1391 1731 1477 1796 aliud

348 1839 445 1902 scribi
469 1841 574 1922 potest
601 1839 680 1903 nisi:
706 1838 881 1923 ‘personae
909 1837 1041 1921 spiritus
1068 1839 1223 1900 nostrae
1251 1833 1399 1898 Christus
1423 1834 1479 1898 dc-

346 1942 454 2006 minus
474 1943 543 2022 —’;
568 1942 607 2007 cf.
627 1945 660 2006 et
677 1942 845 2025 sequentia
863 1939 1005 2024 (385l6):
1031 1939 1069 2004 ‘ei
1085 1958 1160 2004 vero
1176 1939 1288 2004 nonin
1305 1937 1478 2018 Christum,

346 2044 402 2109 sed
415 2045 449 2107 in
461 2047 567 2130 ipsum
579 2045 687 2130 potius
698 2045 794 2109 deum
804 2043 945 2108 volueris
957 2043 1078 2107 referre
1089 2059 1215 2105 omnem
1226 2039 1377 2104 Iudaicae
1387 2040 1478 2122 igno·

345 2149 468 2212 rantiae
484 2147 524 2213 de
540 2149 676 2232 pristino
693 2147 936 2231 reputationem,
955 2146 1068 2210 nolens
1085 2145 1179 2210 etiam
1197 2149 1280 2208 retro
1297 2161 1477 2208 sennonem

346 2255 378 2315 el
396 2251 589 2335 spiritum,
608 2249 646 2314 id
663 2253 720 2315 est
736 2249 930 2314 Christum
948 2249 1150 2330 creatoris,
1171 2247 1359 2330 despectum
1375 2245 1413 2310 ab
1430 2247 1477 2311 eis

345 2359 451 2418 etnon
462 2355 615 2438 agnitum,
626 2355 674 2418 sic
685 2371 813 2437 quoque
823 2353 1008 2416 revinceris
1025 2371 1088 2415 non
1100 2369 1221 2434 negans
1232 2349 1317 2414 enirn
1328 2348 1434 2414 tilium
1445 2352 1477 2414 et

345 2457 523 2540 spiritum
540 2463 573 2521 et
585 2457 794 2521 substantiam
808 2455 960 2520 creatoris
977 2473 1060 2520 esse
1077 2453 1272 2517 Christum
1288 2452 1385 2532 eius,
1402 2471 1475 2516 con-

345 2559 440 2624 cedas
459 2578 591 2624 necesse
612 2564 660 2623 est
679 2577 741 2640 eoa,
766 2559 823 2641 qui
841 2563 962 2642 patrem
984 2576 1047 2621 non
1067 2557 1264 2640 agnoverint
1287 2573 1348 2619 nec
1366 2555 1470 2619 lilium

344 2681 518 2745 agnoscere
541 2664 684 2746 potuisse
704 2683 763 2746 per
786 2662 931 2726 eiusdem
950 2659 1149 2724 substantiae
1168 2657 1399 2724 condicionem.
1415 2709 1421 2722 .
1435 2709 1440 2722 .
1454 2657 1472 2722 .'

434 2764 483 2828 lta
502 2770 535 2830 et
552 2769 660 2829 nostro
680 2766 750 2830 loco
770 2765 815 2828 nil
832 2763 1040 2828 scribendum
1056 2765 1106 2827 cst
1120 2763 1201 2828 nisi:
1221 2763 1307 2825 hrain
1323 2764 1355 2826 et
1371 2763 1473 2846 scrip·

344 2867 417 2926 tura
440 2863 517 2945 quid
541 2863 635 2928 dicit:
665 2864 829 2948 spiritus
857 2881 1044 2947 personae
1067 2863 1184 2943 eius1)
1209 2861 1386 2929 Christus
1410 2863 1473 2930 do-

344 2967 475 3029 minus.
500 2985 574 3049 ergo
591 2966 620 3029 si
633 2966 779 3030 Christus
795 2983 951 3048 personae
968 2968 1120 3048 paternae
1136 2965 1269 3048 spiritus
1286 2971 1342 3049 est
1358 2970 1471 3034 merito

345 3071 440 3136 ouius
455 3089 610 3155 personae
626 3071 758 3154 spiritus
775 3073 850 3152 erat,
866 3069 900 3132 id
913 3075 963 3133 est
973 3070 1081 3153 patris,
1098 3087 1171 3132 curn
1184 3070 1301 3134 faciem
1314 3091 1414 3152 suam,
1430 3091 1471 3137 ex

343 3175 467 3239 unitate
491 3174 622 3256 scilicet,
646 3174 876 3258 pronuntiavit'
896 3203 930 3227 =
952 3175 1153 3256 coelipetis)
1176 3177 1352 3253 τροτώπου
1372 3175 1472 3238 αὐτοῦ

343 3277 471 3355 Χριττότ
491 3278 610 3360 Κύριος,
635 3278 715 3342 titre
734 3277 760 3342 εἰ
779 3272 907 3356 Χριττότ
931 3277 987 3358 (ἐκ)
1011 3277 1189 3356 προτώπου
1207 3274 1328 3357 πατρὸς
1348 3276 1474 3355 πνεῦμά

343 3381 433 3462 ἐςτιν,
464 3379 592 3446 εἰκότως
622 3379 660 3445 οὗ
689 3375 784 3444 αὐτὸ(
811 3379 935 3456 πνεῦμα
962 3380 1000 3458 ἠν
1029 3383 1218 3458 προτώπου,
1247 3382 1386 3446 τουτὲττι
1413 3384 1471 3446 τοῦ

343 3483 475 3566 πατρότ,
491 3487 607 3546 τοῦτον
623 3483 802 3559 πρόςωπον
819 3483 935 3546 ἑαυτοῦ
952 3481 991 3546 δι’
1008 3481 1144 3560 ἑνότητα
1159 3485 1337 3561 προτεϊπεν.
1366 3481 1472 3546 Facile

343 3583 541 3667 intellegitur
559 3586 660 3658 λόγον
678 3585 730 3649 vel
747 3587 871 3662 πνεῦμα
890 3603 973 3666 eum,
998 3603 1038 3649 ex
1059 3585 1152 3648 cuius
1171 3585 1472 3665 Ῐθθῖθ1προτώπου)

343 3685 483 3770 prodeat
495 3687 613 3751 faciem
625 3707 718 3752 suam
731 3688 947 3771 pronuntiare.
967 3685 1069 3753 25313
1082 3688 1209 3770 (22110)
1223 3689 1375 3771 ‘persona
1391 3687 1471 3753 erat’

342 3789 469 3872 lapsum
497 3789 610 3853 oalann
638 3807 709 3854 esse
732 3809 789 3874 pro
814 3789 1014 3874 ‘personae
1038 3790 1133 3854 erat’
1157 3791 1471 3855 commemorandum

343 3893 401 3955 vix
416 3897 481 3972 est;
500 3895 643 3957 ceterum
659 3893 720 3957 hoc
736 3892 889 3957 mendum
905 3894 1112 3957 commissum
1130 3899 1180 3956 est
1194 3895 1282 3957 recto
1298 3893 1353 3957 illo
1367 3894 1471 3958 ‘cuius

342 4017 497 4082 personae
526 3998 657 4081 spiritus
681 3998 759 4062 erat'
783 3999 905 4062 iamin
929 3997 1073 4081 ‘spiritus
1097 3995 1190 4061 cuius
1212 4015 1369 4081 personae
1393 3993 1470 4061 erat'

343 4105 479 4180 mutetc3
509 4101 663 4185 ‘spiritus'
688 4103 774 4166 certe
797 4101 832 4164 in
856 4099 1050 4166 sententiam
1073 4097 1239 4163 relativam
1263 4099 1471 4165 inserendum

435 4245 455 4312 ¹)
474 4243 680 4312 Pronomae,
699 4243 774 4312 quod
787 4243 803 4298 l.
815 4243 832 4298 l.
852 4273 886 4282 -
905 4243 982 4297 Lam.
997 4241 1152 4310 1θτ.11120,
1172 4242 1241 4298 hdr.
1255 4243 1340 4298 hiare.
1354 4241 1418 4297 1116
1436 4273 1470 4282 -

343 4327 478 4398 scriptum
497 4329 624 4399 legimus.
