3406 4786
206 310 355 382 Epistulae
368 308 524 365 amatoriae
537 308 677 379 quomodo
690 310 862 366 cohaereant
876 327 940 367 cum
953 312 1049 382 elegiis
1059 312 1266 371 Alexandrinis.
1297 309 1336 371 97

208 483 352 561 καθάπερ
373 484 469 548 διττοὶ
483 483 625 561 Ἔρωτες
644 481 722 566 τήμῇ
747 487 986 560 ςυνομιλούντες
1010 485 1224 552 ἐνδιαιτῶνται
1245 493 1338 571 ψυχῇ,

207 584 299 651 ούτιιι
333 586 518 663 Ζηλοτυπίας
551 585 648 665 χωρίς
681 583 712 649 αἱ
746 588 891 661 γυναῖκες
926 589 1093 670 ςυνιύκουν
1126 587 1272 667 ἀλλήλαις
1308 593 1340 654 at

206 687 442 772 'I'haophylacti
466 687 658 752 simocattae
686 706 734 771 ep.
752 689 811 751 39:
843 689 904 767 μία
934 690 1032 769 ψυχὴ
1057 689 1178 756 δυάδος
1209 696 1339 772 πυρςῶν

208 793 371 871 ἐρωτικῶν
399 791 458 857 ούκ
485 791 633 872 ἀνέχεται.
672 790 794 856 Eodem
825 790 919 856 modo
946 791 1174 876 Theophylaoti
1203 795 1340 879 epistula

206 893 249 958 ab
274 893 382 958 Ovidii
406 894 509 978 elegia
531 892 649 975 differt,
678 894 734 976 qui
758 894 923 959 contendit
945 915 1087 960 amoram
1111 894 1213 961 dividi
1235 917 1339 981 posse.

206 996 257 1061 Gi.
275 996 383 1061 Ovidii
407 997 445 1061 al.
461 996 495 1060 Π
520 997 571 1078 10,
589 996 647 1061 1οε

370 1103 656 1187 Dividuumque
680 1107 791 1169 tenent
813 1105 894 1170 alter
917 1109 949 1171 et
971 1106 1051 1171 altar
1073 1127 1163 1173 amor

206 1240 242 1301 et
263 1235 493 1319 Theophylacti
516 1233 724 1299 simocattao:
754 1236 784 1300 ol
806 1237 867 1316 γὰρ
881 1236 1028 1316 Ἔρωτες
1052 1237 1091 1303 οὐ
1115 1241 1338 1318 μερίζονται.

299 1344 345 1408 Ut
367 1343 504 1427 elegiam
527 1342 643 1406 horum
669 1342 814 1407 locorum
841 1343 962 1408 fontem
987 1364 1058 1410 esse
1083 1345 1238 1430 probarat,
1264 1367 1339 1412 oon-

206 1447 283 1512 tulit
297 1447 463 1531 Biirgarus
479 1444 660 1511 Philodami
679 1447 873 1531 epigramma
894 1449 1023 1513 Anthol.
1038 1448 1105 1513 Pal.
1128 1448 1195 1513 XII
1213 1452 1275 1514 173
1295 1450 1339 1534 (Π

205 1549 258 1615 ed.
279 1548 422 1632 Kaibol):

316 1667 419 1746 Δημώ
445 1687 481 1745 με
504 1667 613 1732 κτείνει
636 1668 686 1731 καὶ
710 1668 867 1746 Θέρμιον·
890 1668 909 1746 ἡ
934 1670 990 1747 μὲν
1014 1669 1118 1748 ἑταίρη
1180 1741 1183 1745 ,

361 1770 481 1850 Δημώ·
506 1771 524 1848 ἡ
548 1770 578 1834 δ’
596 1769 688 1834 ούπω
714 1771 833 1850 Κύπριν
853 1771 1043 1849 ἐπιςταμὲνη.

317 1874 371 1938 Καὶ
393 1878 450 1952 τῆς
474 1877 531 1952 μὲν
554 1875 663 1956 ψαύω,
686 1877 743 1951 τῆς
768 1873 853 1939 δὀὐ
878 1874 971 1952 θέμις.
996 1873 1035 1938 ού
1058 1875 1101 1953 μὰ
1124 1875 1164 1957 ct,
1188 1875 1293 1957 Κύπρι,

361 1975 430 2041 Ούκ
454 1972 514 2041 οἷδ’
533 1977 571 2055 ἣν
596 1977 691 2041 είπεῑν
716 1980 762 2041 δεῖ
785 1997 823 2054 με
845 1977 1081 2056 ποθεινοτὲρην.

316 2082 483 2159 Δημαρίου
508 2081 589 2146 λέξω
613 2083 669 2158 τήν
693 2081 874 2159 παρθένον·
899 2080 939 2144 ού
963 2082 1024 2158 γὰρ
1048 2081 1155 2159 ἕτοιμα

363 2184 531 2264 Βούλομαι,
555 2182 632 2246 ἀλλὰ
655 2186 748 2246 ποθῶ
772 2185 836 2246 πᾶν
858 2182 896 2247 τὸ
920 2183 1169 2263 φυλαςςόμενον.

204 2311 273 2377 Sed
300 2331 359 2376 suo
382 2312 454 2376 iura
483 2312 546 2375 iam
572 2310 791 2375 Gollnischius
815 2312 945 2396 negarit
972 2313 1226 2396 similitudinem,
1255 2334 1337 2397 quae

206 2413 379 2480 intercedit
392 2416 477 2479 inter
492 2415 687 2497 epigramma
698 2413 887 2496 Philodami,
898 2415 1032 2499 elegiam
1044 2414 1160 2498 Ovidii,
1176 2416 1337 2502 epistulas,

205 2521 327 2582 tantam
347 2537 426 2600 esse,
442 2522 480 2581 ut
496 2517 570 2580 fons
587 2516 767 2581 communis
783 2516 911 2581 restitui
924 2521 1041 2600 posset
1066 2516 1160 2594 Quod
1175 2520 1209 2582 in
1226 2520 1337 2603 primis

202 2639 248 2686 ex
268 2620 416 2686 versibus
437 2623 456 2685 5
477 2624 509 2687 at
528 2622 547 2684 6
566 2619 748 2685 Philodami
772 2619 1009 2705 epigrammatis
1032 2619 1245 2704 intellegitur3
1271 2622 1337 2705 epi-

200 2725 524 2809 grammatographus
547 2724 635 2788 enim
658 2742 799 2788 amorem
821 2722 958 2806 virginis
981 2724 1164 2788 meretricio
1187 2725 1336 2808 praefert,

204 2829 283 2911 quia
301 2827 381 2892 haee
399 2827 484 2892 ultro
504 2825 650 2910 cupidini
668 2826 812 2889 virorum
833 2823 1035 2908 obsequatur,
1058 2826 1147 2890 illius
1166 2847 1256 2892 amor
1279 2846 1336 2893 ax·

203 2929 398 3016 pugnandus
428 2932 477 2995 sit
513 2929 649 2995 Ovidius
679 2933 712 2994 et
738 2930 964 2994 Aristaenetus
992 2931 1100 2993 autem
1128 2936 1279 2994 enarrant
1300 2949 1335 2995 aa

200 3034 319 3099 eodem
342 3054 450 3099 amora
473 3033 646 3098 mulierum
670 3033 806 3097 duarum
829 3030 924 3097 simul
947 3030 1158 3111 inflammari3
1187 3035 1334 3098 neumam

202 3136 307 3221 pluris
329 3138 505 3202 aestimant.

295 3239 358 3305 Sed
382 3239 610 3323 Gollnischiua
635 3258 828 3323 quamquam
851 3238 931 3303 haec
954 3243 1042 3303 recta
1064 3239 1185 3321 reiecit,
1208 3257 1334 3304 summa

201 3346 310 3407 tamen
326 3343 362 3405 in
377 3363 413 3408 re
429 3362 503 3407 cum
520 3342 666 3427 Biirgero
682 3343 859 3420 eonsentit3
879 3341 1033 3406 sufficere
1050 3341 1136 3406 anim
1153 3360 1231 3424 eam,
1251 3362 1333 3425 quae

202 3446 289 3509 inter
311 3446 552 3510 Aristaenetum
576 3448 609 3510 at
632 3443 782 3510 Ovidium
806 3443 992 3527 intercedat,
1021 3444 1274 3526 similitudinem,
1297 3450 1334 3510 ut

202 3548 385 3614 communis
397 3547 472 3613 inde
484 3548 557 3612 fons
570 3547 836 3632 deprehendatur.
856 3545 950 3624 Quod
961 3550 999 3611 nt
1009 3550 1096 3612 recte
1107 3546 1331 3631 perpendatur,

203 3649 360 3714 nonnulla
375 3652 604 3735 epigrammata
618 3650 716 3715 velim
731 3649 892 3733 respicias,
909 3668 990 3731 quaa
1006 3647 1091 3714 idam
1107 3657 1331 3734 argumentum

202 3755 349 3818 tractant
388 3753 457 3817 Iam
488 3773 507 3816 a
533 3751 728 3835 Polystrato,
759 3752 852 3816 ouius
883 3752 1025 3816 carmina
1054 3753 1139 3817 inter
1167 3771 1218 3834 ea,
1249 3773 1330 3836 quaa

202 3851 367 3936 Meleager
394 3851 531 3935 collegit
558 3860 778 3936 numerantur,
807 3852 847 3919 da
874 3853 986 3919 cadam
1009 3873 1045 3919 ra
1068 3854 1243 3921 disseritur.
1283 3855 1331 3921 cf.

201 3954 332 4021 Anthol.
348 3955 414 4020 Pal.
431 3954 498 4019 XII
514 3957 573 4019 91:

309 4082 423 4146 Διςςὸς
440 4081 548 4159 Ἔρως
572 4080 652 4146 αἴθει
675 4083 780 4162 ψυχὴν
804 4082 883 4160 μίαν.
908 4080 934 4145 ὦ
957 4082 997 4146 τὰ
1020 4084 1146 4160 περιςςὰ

353 4185 534 4264 Ὀφθαλμοὶ
555 4186 656 4264 πάντη
679 4183 784 4251 πάντα
806 4186 1038 4267 κατοςςδμενοι,

255 4324 349 4379 xlm
