2962 4778
290 341 332 403 50
654 343 792 413 Ludwig
810 343 1056 412 Roscnmeyer‚

289 516 451 601 †quidem
472 522 548 599 erat,
572 522 609 580 ut
632 521 722 600 pater
746 535 821 578 cum
843 513 913 578 filio
937 516 1104 598 pateretur
1126 513 1159 576 in
1184 532 1275 577 came.
1292 513 1363 595 iqui
1433 572 1462 603 4

288 622 351 685 boc
374 623 573 684 retractatus.
597 638 659 683 nec
683 618 853 701 quisquam
877 616 1016 700 negabit,
1041 615 1170 700 quando
1193 634 1249 680 nec
1267 615 1365 698 noemi
1457 666 1462 703 ·,

288 743 345 806 pro
370 721 429 786 deo
445 741 625 806 possumus,
648 723 713 784 nisi
732 721 865 804 spiritus
884 719 935 784 dei
955 722 999 784 sit
1017 722 1052 783 in
1072 720 1173 800 nobie,
1197 721 1250 801 qui
1263 724 1290 783 et
1300 716 1367 799 loqui·

289 832 342 890 tur
365 824 405 889 de
428 824 523 890 nobis
547 844 629 907 quae
647 826 723 888 sunt
739 823 961 903 confessionis
985 843 1051 885 non
1070 823 1142 906 ipse
1161 828 1262 885 tamen
1277 820 1370 904 patens,

234 949 262 992 m
290 927 347 993 sed
370 929 436 1012 pati
459 947 552 1011 posse
576 929 750 1011 praestans.
1442 917 1443 923 ’

288 1103 334 1157 dei
359 1119 474 1171 passum
499 1117 559 1155 suo
582 1101 718 1155 nomine
742 1107 767 1153 et
791 1117 825 1153 aa
847 1103 887 1153 cic
910 1117 981 1168 quac
1004 1101 1085 1166 infra
1109 1099 1254 1166 locuntur:
1274 1113 1320 1150 nun
1337 1096 1375 1163 ipse
1458 1095 1459 1140 ἶ

288 1191 385 1242 tamen
404 1186 472 1256 (ecit.
487 1187 619 1256 spiritua)
638 1186 757 1254 patiens,
776 1185 828 1240 sed
847 1185 905 1254 pati
923 1199 1008 1252 posse
1027 1187 1179 1251 praestans
1191 1177 1378 1235 marcenae
1461 1183 1462 1211 r

287 1279 427 1325 auderem
444 1274 622 1340 perspicuum
641 1278 693 1325 eat:
713 1273 834 1338 spiritua
853 1286 908 1323 non
925 1285 976 1322 auc
995 1270 1114 1334 nomine,
1133 1269 1164 1320 id
1182 1275 1222 1321 eut
1235 1272 1294 1336 ipae,
1309 1263 1380 1332 inflia

286 1374 389 1425 paucus
407 1364 453 1423 eet,
472 1357 519 1410 ced
533 1373 620 1425 parra
640 1358 727 1408 estin
745 1356 805 1421 filio
820 1371 892 1422 caro,
912 1370 982 1423 quae
995 1355 1106 1423 quibem
1121 1356 1226 1422 ratpoti
1235 1358 1322 1422 periet
1332 1349 1381 1417 cccl

287 1445 393 1511 epirum
416 1443 551 1496 adiutore.
577 1443 643 1495 inde
661 1441 740 1494 eelim
759 1444 917 1494 mutuare:
941 1439 1017 1508 quia,
1040 1438 1065 1492 si
1088 1438 1156 1507 quid
1176 1453 1304 1507 passum
1319 1432 1383 1489 estin

287 1526 354 1593 filio,
373 1527 454 1596 quid
473 1528 548 1580 est?
574 1529 643 1595 erat,
662 1531 694 1580 ut
713 1531 793 1595 pater
812 1541 876 1579 cum
895 1524 953 1578 filio
971 1527 1126 1593 pateretur,
1146 1523 1176 1577 in
1193 1539 1290 1589 carne;
1316 1522 1343 1576 21
1353 1514 1385 1586 ussi

286 1611 341 1666 hoc
355 1612 547 1666 retractatur?
569 1612 613 1678 (=
627 1611 786 1663 indubium
798 1610 921 1678 vocatur)
939 1625 1012 1676 aurp.
1024 1608 1082 1662 Kr:
1103 1609 1238 1678 quiahoc
1252 1609 1388 1663 retractatus

287 1699 314 1751 M
332 1699 377 1767 (us
396 1701 428 1751 in
447 1698 465 1750 ir
485 1714 554 1752 corr.
569 1716 603 1750 m.
618 1699 644 1767 1)
663 1698 714 1764 PF,
734 1697 800 1767 quia
818 1697 872 1750 boc
892 1695 1111 1750 retractatumG
1127 1695 1272 1762 Oeblerua3
1306 1694 1336 1747 22
1351 1701 1388 1744 nte

287 1783 345 1851 (alt.
358 1783 425 1851 loco)
444 1782 472 1850 Β,
492 1786 519 1836 et
538 1782 601 1848 PM;
644 1783 679 1835 23
699 1798 849 1852 possumus
869 1780 920 1848 Pr,
944 1763 1095 1850 {liburnus
1116 1782 1143 1834 Μ
1166 1782 1236 1848 (non
1254 1782 1311 1834 add.
1322 1798 1351 1832 m.
1362 1772 1392 1840 1);

286 1867 342 1921 nisi
361 1868 419 1935 Mu,
439 1868 463 1921 si
483 1868 512 1921 P.

375 2057 571 2140 Diligentius
585 2057 728 2120 ultimam
741 2060 863 2140 partem
880 2057 1098 2140 inspiciamus,
1118 2051 1394 2138 (286t19-49132t

288 2161 406 2243 optime
429 2161 617 2224 restituetur·
639 2160 807 2242 sententia,
831 2161 859 2223 si
884 2179 957 2224 cum
982 2159 1119 2223 Oeblero
1144 2160 1330 2224 scribimus:
1358 2159 1397 2221 ‘ita

288 2269 320 2326 et
342 2264 473 2346 spiritus
498 2261 550 2326 dei
574 2261 673 2345 quod
697 2263 762 2346 pati
785 2265 903 2345 posset
925 2266 981 2344 (ita
1004 2262 1075 2343 Urs)
1098 2264 1133 2326 in
1156 2263 1229 2327 filio
1328 2268 1401 2347 puter

286 2385 399 2449 passus
427 2387 491 2430 nen
522 2366 710 2430 videretur’:
741 2386 815 2429 nam
843 2367 975 2449 spiritus
1004 2364 1056 2429 dei
1084 2366 1117 2428 in
1148 2368 1316 2431 enuntiato
1343 2385 1405 2451 pen·

287 2469 375 2535 denti
404 2474 452 2534 est
479 2470 673 2552 subiectum,
703 2473 794 2554 pater
821 2471 855 2532 in
884 2469 1053 2552 primari03
1084 2469 1164 2551 ‘qui’
1194 2471 1306 2554 igitur,
1335 2466 1408 2553 qnod

287 2571 415 2636 cedices
445 2572 607 2656 praebent
638 2573 735 2637 scribi
763 2592 826 2636 non
855 2576 974 2656 potest3
1005 2573 1135 2656 'posset’
1165 2573 1249 2637 bene
1280 2575 1409 2639 restituit

287 2675 434 2757 Ursinus
463 2675 520 2739 sed
544 2675 672 2739 ‘tamen’
696 2675 824 2752 adicere
853 2694 1129 2759 supervacaneum
1153 2683 1211 2741 est
1245 2676 1410 2740 Graviores

288 2777 494 2842 difficultates
517 2779 649 2863 praebet
671 2779 819 2862 proxima
842 2779 1002 2843 sententia
1024 2775 1315 2860 (286t22-50t2).
1346 2779 1415 2843 Om-

286 2880 382 2945 nibus
406 2882 437 2944 in
464 2884 659 2946 coniecturis
683 2880 941 2945 doctissimomm
968 2881 1110 2943 virorum
1135 2881 1263 2946 haereo.
1296 2885 1414 2947 Auctor

287 3004 382 3069 supra
416 2992 509 3049 acute
543 2985 703 3068 expressit
735 2991 856 3068 patrem
890 3004 954 3047 non
985 3004 1050 3047 una
1082 3004 1157 3048 cum
1187 2985 1259 3048 filio
1291 3005 1417 3068 passum

288 3107 375 3164 esse;
406 3081 500 3170 quam
530 3088 570 3152 0b
597 3107 666 3151 rem
696 3086 830 3151 verbnm
858 3092 967 3171 pater
995 3092 1121 3151 rectum
1151 3106 1223 3152 esse
1252 3089 1334 3151 mihi
1358 3108 1419 3151 nun

289 3184 422 3254 videtur.
457 3189 506 3253 De
535 3195 623 3273 petre
650 3192 714 3253 iam
737 3210 802 3253 non
827 3191 878 3273 agi
903 3191 998 3253 etiam
1023 3209 1064 3254 ex
1089 3192 1253 3255 sententia
1275 3197 1420 3255 extrema

289 3293 499 3376 intellegitur:
525 3291 664 3375 ‘quando
693 3311 754 3356 nec
783 3312 841 3356 nos
871 3295 936 3376 pati
965 3313 1022 3376 pro
1051 3292 1111 3357 deo
1140 3313 1330 3377 possumus,
1359 3296 1420 3359 nisi

286 3396 446 3478 spiritus
471 3396 521 3459 dei
541 3397 635 3459 sitin
655 3395 757 3478 nobis,
781 3397 836 3478 qui
857 3403 890 3461 et
907 3396 1053 3479 loquitur
1071 3396 1111 3461 de
1128 3398 1222 3462 nobis
1239 3418 1325 3481 quae
1345 3408 1420 3462 sunt

287 3499 506 3580 confessionis
523 3520 588 3563 non
603 3501 672 3582 ipse
689 3505 796 3564 tamen
812 3501 947 3583 patiens,
967 3498 1024 3564 sed
1041 3501 1105 3584 pati
1121 3520 1217 3583 posse
1234 3503 1420 3585 praestans?

287 3600 524 3664 Sententiarum
554 3622 659 3666 nexus
683 3603 736 3667 bic
766 3608 830 3667 est:
865 3604 892 3665 si
922 3603 1054 3686 spiritus
1082 3603 1116 3665 in
1144 3603 1214 3666 filio
1247 3609 1422 3688 pateretur,

286 3725 350 3768 non
374 3705 407 3767 in
431 3708 529 3788 patre,
552 3712 643 3789 pater
665 3727 779 3791 passus
803 3727 867 3771 non
892 3707 1073 3772 videretur:
1101 3709 1235 3791 spiritus
1260 3709 1315 3774 dei
1340 3711 1422 3774 nibil

287 3828 399 3892 passus
423 3815 472 3873 est
494 3830 553 3873 suo
576 3813 723 3890 numium
752 3811 779 3874 si
804 3808 882 3894 quid
911 3829 1025 3893 passus
1049 3814 1106 3891 est
1134 3812 1168 3873 in
1191 3810 1264 3874 filio
1289 3812 1422 3895 quidem

284 3931 400 3997 passus
431 3916 487 3995 est,
518 3912 574 3976 sed
602 3933 643 3977 ne
672 3916 707 3977 in
734 3914 804 3977 filio
833 3913 964 3997 quidem
994 3932 1108 3998 passus
1139 3918 1196 3997 est,
1228 3935 1303 3980 cum
1329 3916 1421 3980 filius

286 4035 399 4097 pessus
422 4016 464 4079 sit
486 4017 520 4078 in
545 4035 649 4097 carne,
674 4037 770 4099 quam
795 4017 847 4081 hic
871 4017 1093 4098 detractattlt;
1119 4017 1173 4081 hic
1197 4037 1264 4082 non
1288 4022 1419 4102 patitur,

285 4115 342 4181 sed
361 4120 425 4201 pati
445 4138 538 4201 posse
557 4122 703 4202 praestat
734 4119 881 4184 Scribere
899 4121 1000 4203 igitur
1018 4118 1131 4183 velim:
1157 4118 1213 4183 ‘ita
1232 4126 1266 4183 et
1285 4122 1420 4204 spiritus

285 4217 335 4282 dei
361 4221 447 4302 quod
478 4223 542 4305 pati
566 4227 673 4305 posset
703 4221 839 4303 insilio,
872 4223 1034 4305 quianon
1066 4222 1100 4284 in
1123 4226 1216 4306 patre
1245 4229 1418 4306 pateretur,
