2978 4814
289 331 331 393 38
717 335 831 390 Victor
851 335 993 403 Conlon‚

288 508 416 590 duntur,
441 527 466 572 e.
483 528 512 590 g.
531 509 565 571 in
585 513 712 571 nostrae
735 507 862 571 tabulae
886 528 913 571 ν.
933 508 995 570 152
1021 507 1065 571 ὡς
1081 507 1110 568 V
1127 506 1321 590 plurimique
1345 511 1419 570 cett.

288 612 388 694 codd,
412 613 454 676 εί(
477 611 507 691 S,
532 611 564 676 ἐε
588 611 625 693 R,
649 613 682 674 in
707 631 735 674 ν.
753 612 816 674 237
843 612 887 675 ὼε
910 610 1019 674 Par.8
1044 616 1076 675 et
1097 611 1181 674 lunt.
1197 609 1264 692 ud.
1292 610 1335 674 εί(
1357 609 1418 673 RV

287 721 368 784 cett..
391 716 425 777 in
449 735 478 777 v.
495 716 559 777 495
577 714 621 778 ὼε
637 714 704 794 RV,
729 714 771 778 εί(
787 713 827 795 U,
851 712 941 777 Bodl.
959 714 987 777 2.
1005 716 1034 776 3.
1058 713 1174 778 Nostro
1191 714 1261 778 loco
1278 712 1419 778 editores

287 819 406 901 optimo
434 818 505 881 iure
534 819 578 881 ὼε
606 819 640 879 in
668 821 792 880 textum
820 821 1019 899 recepemnt.
1054 816 1167 899 Neque
1196 817 1282 880 enim
1311 816 1354 880 εί(
1378 815 1419 880 de

287 940 424 1003 persona
447 920 510 983 dici
533 921 645 984 statuit
663 919 834 984 Elmsleius
853 919 892 982 ad
912 920 992 984 Ach.
1011 921 1106 983 1222.
1130 922 1198 984 Aut
1213 920 1357 984 είεελθεῖν
1374 919 1419 984 εἴ(

287 1043 370 1086 τινος
392 1021 470 1104 (scil.
488 1023 598 1104 οἰκίαν)
626 1028 683 1084 aut
710 1022 754 1087 ὥε
780 1043 849 1086 τινα
873 1023 973 1086 Attici
1002 1023 1158 1104 meabant,
1186 1043 1251 1086 non
1275 1023 1317 1086 είε
1340 1043 1417 1086 τινα.

288 1124 439 1188 Ceterum
459 1124 606 1188 conteras
626 1124 721 1188 velim
738 1124 777 1189 dc
793 1126 1030 1208 praepositione
1047 1128 1091 1191 ὼε
1107 1146 1179 1190 cum
1196 1125 1303 1190 verbis
1319 1123 1415 1189 eundi

287 1228 325 1292 ab
349 1228 564 1311 Aristophane
588 1230 761 1292 coniuncta
784 1229 914 1292 Bachm.
932 1229 1013 1293 coni.
1031 1228 1153 1293 observ,
1171 1232 1225 1293 Ar.
1243 1249 1271 1312 p.
1287 1231 1359 1291 115.

377 1331 415 1394 V.
434 1333 498 1395 566
521 1332 555 1394 in
574 1332 603 1395 R
625 1333 673 1395 sic
696 1332 829 1415 legitur:
854 1334 892 1409 νή
916 1334 973 1397 τὸν
990 1331 1041 1396 Δί’
1058 1332 1083 1396 εί
1107 1336 1153 1396 δεῖ
1177 1337 1285 1397 λαθεῖν
1309 1331 1418 1413 αὐτόν,

287 1439 355 1498 πῶε
379 1434 447 1514 οὐχὶ
471 1435 597 1511 accaron
621 1435 716 1514 ἐετιν,
740 1436 774 1497 in
793 1434 840 1497 V:
865 1437 903 1512 νή
928 1436 985 1498 τὸν
1009 1435 1060 1499 Δί’
1085 1435 1113 1498 εί
1135 1455 1170 1510 γε
1189 1439 1294 1499 λαθεῖν
1318 1433 1417 1499 αὐτὸν

287 1540 341 1618 δεῖ,
366 1537 499 1615 κόεμιὸν
522 1538 619 1617 ἐετιν;
649 1537 763 1600 Suidas
786 1537 885 1601 verba
912 1538 1050 1620 profert:
1081 1537 1164 1612 εἴγε
1191 1541 1295 1601 λαθεῖν
1320 1537 1418 1600 αὐτὸν

288 1643 341 1720 δεῖ,
364 1644 434 1704 πῶς
457 1639 497 1702 οὐ
521 1639 649 1717 κόεμιόν
673 1639 769 1718 ἐετιν,
795 1640 986 1721 Meinelrius
1006 1640 1173 1724 Bergkius,
1193 1640 1323 1723 plurimi
1344 1645 1416 1704 cett.

287 1741 374 1805 editt.
395 1760 524 1805 versum
553 1747 741 1824 corruptum
769 1742 966 1807 deleverunt.
1002 1743 1048 1806 of.
1069 1743 1200 1806 Porson.
1217 1742 1296 1807 Adv.
1317 1762 1346 1825 p.
1364 1745 1417 1805 35.

286 1845 352 1908 Iam
373 1844 563 1908 scholiastae
583 1864 696 1909 versus
713 1851 881 1928 suspectus
898 1849 972 1910 erat.
996 1845 1148 1929 Legimus
1165 1847 1251 1910 enim
1267 1846 1301 1908 in
1317 1845 1417 1909 schol.

287 1969 348 2014 rec.
374 1951 501 2029 ψυχρὸν
526 1952 621 2014 δὲτὸ
645 1950 816 2029 ἐνθύμημα.
847 1951 940 2016 Adde
964 1951 1050 2034 quod
1074 1953 1301 2016 coniunctione
1325 1952 1418 2029 εἴγε,

287 2054 406 2136 qnippe
440 2073 521 2135 quae
554 2053 592 2117 ab
627 2056 733 2118 Attico
763 2073 909 2119 sermone
940 2054 1045 2118 aliena
1075 2056 1129 2135 sit,
1161 2073 1225 2117 non
1260 2073 1338 2116 usus
1369 2060 1418 2118 est

287 2157 429 2220 comicus
452 2156 503 2238 (cf.
520 2155 647 2221 Dobree
668 2157 748 2221 Adv.
770 2159 837 2221 crit.
855 2157 887 2220 Il
911 2178 939 2240 p.
959 2159 1041 2238 181).
1074 2156 1162 2232 Quae
1184 2177 1259 2221 cum
1279 2157 1324 2220 ita
1343 2158 1419 2242 sint,

285 2261 512 2342 grammaticus
532 2259 662 2342 quidam
682 2260 889 2343 Aristophani
908 2279 1037 2324 versum
1061 2267 1205 2324 nostrum
1228 2267 1349 2324 temere
1369 2263 1419 2323 in-

287 2363 463 2426 culcavisse
493 2363 628 2427 videtur.
663 2361 784 2426 Versus
813 2368 919 2427 autem
948 2364 1032 2446 apud
1061 2362 1193 2427 Suidam
1220 2382 1261 2427 ex
1290 2363 1419 2428 duobus

285 2465 506 2529 Pherecrateis
526 2471 657 2546 constat.
682 2485 756 2528 cum
779 2468 813 2528 in
836 2466 1001 2530 codicibus
1020 2466 1089 2530 eius
1108 2468 1235 2529 numeri
1254 2466 1419 2549 depravati

286 2571 351 2632 sint
374 2590 392 2632 a
415 2568 497 2632 malo
518 2569 744 2650 versificatore,
769 2571 824 2651 qui
846 2588 974 2632 versum
995 2571 1205 2652 anapaesticis
1226 2571 1418 2633 tetrametris

285 2672 401 2737 comici
424 2671 631 2735 accomodare
655 2671 764 2735 voluit.

375 2774 414 2837 In
443 2795 471 2837 κ.
494 2776 557 2836 586
586 2776 700 2857 κοτίνῳ
729 2775 874 2858 ετεφάνψ
904 2774 1055 2837 traditum
1086 2776 1196 2838 estin
1224 2775 1261 2855 R,
1290 2777 1417 2838 κοτίνου

286 2878 430 2960 (τεφάνῳ
454 2878 486 2939 in
512 2876 632 2958 s-V„
653 2876 703 2940 Ex
727 2878 867 2940 lectione
891 2877 920 2940 R
943 2877 1106 2940 Porsonus
1130 2882 1244 2958 κοτινῷ
1269 2876 1417 2959 ετεφάνῳ

286 2980 403 3060 effecit
418 2979 503 3061 quod
518 2980 656 3043 editores
668 2979 1027 3063 praeterLeeuwenium
1041 2987 1239 3062 receperunt.
1257 2978 1416 3060 Equidem

287 3084 326 3147 de
342 3084 499 3147 adiectivo
517 3089 630 3166 κοτινῷ
655 3083 774 3164 dubito,
799 3084 918 3166 quippe
942 3104 1015 3147 cum
1040 3103 1199 3165 nusquam
1223 3084 1417 3146 inveniatur.

287 3190 393 3268 Atque
415 3188 485 3250 iure
501 3185 715 3250 Leeuwenius
731 3187 766 3249 in
785 3186 890 3250 adnot.
907 3188 946 3250 ad
968 3189 997 3251 h.
1011 3207 1039 3251 ν.
1057 3195 1180 3252 monet:
1206 3187 1416 3252 “Genitivum

286 3290 436 3353 materiae
460 3295 547 3352 recte
571 3309 605 3352 se
629 3289 747 3353 habere
771 3293 928 3353 testantur
945 3291 1180 3373 inscriptiones
1205 3310 1230 3354 e.
1247 3311 1275 3372 g.
1293 3292 1418 3369 ‘mccc-

286 3397 383 3456 νῶεαι
413 3395 531 3455 θαλλοῦ
563 3392 720 3475 (τεφάναί
751 3394 784 3455 in
814 3393 919 3475 lapide
949 3394 1157 3475 Amorgino'’.
1195 3394 1326 3457 Praeter
1357 3392 1418 3456 hoc

286 3495 469 3577 exemplum
495 3494 534 3557 cf.
552 3494 623 3558 CIA
643 3495 684 3576 ΙΙ,
710 3496 783 3575 ῦθῦ,
810 3496 859 3576 16,
886 3498 936 3576 17,
962 3498 1003 3558 18
1027 3499 1076 3560 ter
1100 3498 1256 3576 ετὲφανοε
1280 3499 1418 3574 χρυεοῦε

287 3601 420 3679 θαλλοῦ,
444 3596 640 3681 Dittenberg.
660 3597 736 3679 Syll.
753 3598 778 3660 l.
798 3598 865 3661 Gal
884 3600 957 3679 211,
983 3601 999 3662 7
1026 3602 1129 3662 κιττοῦ
1150 3601 1317 3678 ετὲφανον,
1343 3601 1416 3679 588,

288 3702 307 3763 9
332 3701 489 3779 ετὲφανον
513 3704 632 3778 χρυεοῦ
656 3705 770 3782 κιττοῦ,
794 3701 873 3764 alios
892 3702 987 3782 locos,
1013 3702 1151 3784 denique
1170 3703 1285 3767 incerti
1304 3708 1418 3784 poetae

287 3804 385 3867 Anth.
403 3803 467 3866 Pal.
487 3803 514 3863 V
535 3807 596 3866 199
622 3809 724 3869 κιττοῦ
749 3806 874 3869 κυάνεοι
901 3806 1058 3884 (τὲφανοι.
1092 3805 1180 3881 erae
1209 3825 1282 3868 cum
1311 3806 1355 3868 ita
1382 3824 1418 3869 se

287 3906 432 3986 habeant
456 3908 545 3970 etin
569 3928 596 3970 v.
618 3910 682 3971 586
707 3912 738 3972 et
762 3910 795 3970 in
820 3928 847 3971 ν.
865 3910 929 3971 592
955 3909 1079 3973 κοτίνου
1104 3909 1249 3990 ετεφάνῳ
1275 3908 1417 3971 scriben-

287 4009 365 4072 dum
382 4016 439 4086 est,
452 4030 645 4093 quamquam
661 4012 694 4073 in
712 4032 739 4073 ν.
754 4013 818 4075 586
835 4032 910 4074 τοοκ
927 4015 1073 4094 sequitur
1089 4018 1205 4095 χρυεῷ,
1223 4031 1304 4094 quae
1321 4032 1420 4075 carisa

287 4113 387 4178 luisse
412 4115 540 4177 videtur
562 4114 649 4178 illius
672 4116 794 4197 κοτίνῳ.
819 4116 927 4196 Atque
951 4135 1052 4177 unum
1071 4113 1177 4178 locum
1196 4115 1296 4178 altere
1315 4113 1417 4196 liceat

288 4237 351 4298 quo
376 4219 495 4301 pariter
517 4222 614 4300 atquc
637 4218 671 4280 in
690 4223 799 4281 nostro
820 4238 847 4280 ν.
864 4224 935 4300 post
951 4219 1129 4299 genitivum
1146 4220 1296 4282 materiae
1313 4217 1419 4282 adiec-
