3248 4910
377 273 419 336 26
801 284 836 338 Μ.
855 285 1082 353 Heinemann,

375 451 634 534 demosthenici);
665 455 752 520 unde
776 457 871 520 etiam
895 457 997 541 magis
1020 457 1212 542 intelligitur
1236 456 1422 541 epistulam
1447 473 1524 516 non-

376 549 454 616 dum
478 553 574 616 cenis
596 553 720 618 finibus
744 553 784 618 ab
808 557 953 620 oratione
975 557 1128 620 auratoria
1151 557 1338 621 seiunctam
1366 573 1454 619 esse

466 655 625 732 Quoniam
653 657 795 722 vidimus
822 678 925 742 genus
953 659 1163 744 epistularum
1191 660 1432 724 amatoriamm
1462 659 1525 719 iam

375 758 488 841 quinto
504 765 537 822 et
552 769 665 842 quarto
681 761 810 826 saeculo
827 783 854 825 a.
868 760 939 827 Chr.
952 783 983 826 n.
1000 763 1154 846 extitisse,
1179 783 1217 828 eo
1233 763 1341 846 magis
1359 762 1525 836 dolemus,

374 859 462 944 quod
484 862 574 927 nulla
591 863 660 928 iere
680 865 816 948 vestigia
838 865 925 930 illius
944 866 1129 949 insequenti
1147 871 1252 930 aetate
1270 865 1374 930 nobis
1392 876 1527 930 serrata

374 967 459 1030 sunt
502 965 596 1043 Quod
627 985 709 1031 aero
742 967 965 1033 Menandrico
1001 968 1151 1034 floruisse
1183 969 1291 1032 solum
1325 987 1372 1032 ex
1405 969 1525 1052 paucis

373 1068 521 1151 reliquiis
540 1069 691 1133 concludi
707 1073 826 1153 potest3
852 1071 1000 1136 conteras
1016 1071 1175 1136 Athenaei
1191 1071 1275 1134 XIV
1292 1071 1410 1134 6392:
1450 1071 1527 1134 Κλὲ·

373 1191 474 1250 αρχος
497 1175 534 1236 δέ
558 1172 591 1236 ἐν
616 1173 754 1256 δευτέρῳ
770 1173 950 1250 Ἐρωτικῶν
971 1174 1012 1238 τὰ
1035 1172 1169 1252 ἐρωτικά
1192 1193 1290 1254 φηςιν
1314 1173 1447 1255 ᾄςματα
1474 1173 1526 1234 καὶ

373 1274 413 1337 τὰ
436 1273 573 1354 Λοκρικὰ
600 1276 783 1352 καλούμενα
810 1275 907 1340 οὐδέν
930 1282 995 1340 τῶν
1024 1278 1183 1356 Σαπφοῦς
1210 1278 1261 1340 καὶ
1284 1277 1527 1354 Ἀνακρέοντος

373 1379 543 1456 διαφέρειν.
583 1378 626 1443 ἔτι
650 1381 687 1444 δέ
709 1380 748 1443 τὰ
765 1376 949 1458 Ἀρχιλόχου
975 1380 1024 1444 καὶ
1046 1383 1113 1444 τῶν
1130 1380 1271 1458 Ὁμήρου
1288 1381 1523 1458 Ἐπικιχλίδων

372 1479 412 1543 τὰ
430 1483 535 1544 πολλὰ
559 1483 610 1546 διὰ
633 1487 689 1561 τῆς
708 1483 863 1562 ἐμμέτρου
887 1484 1044 1561 ποιήςεως
1063 1483 1189 1548 τούτων
1212 1483 1316 1562 ἔχεταί
1334 1503 1428 1548 τινος
1455 1487 1524 1545 τῶν

373 1587 497 1666 παθῶν,
525 1584 604 1651 ἀλλὰ
632 1589 681 1650 καὶ
707 1588 746 1650 τὰ
770 1587 1001 1665 Ἀςωποδώρου
1029 1588 1100 1665 περὶ
1122 1587 1179 1650 τὸν
1195 1584 1330 1664 Ἔρωτα
1359 1588 1412 1650 καὶ
1443 1588 1523 1650 πᾶν

373 1685 415 1750 τὸ
433 1691 508 1752 τῶν
527 1687 720 1766 ἐρωτικῶν
744 1688 955 1755 έπιςτολῶν
982 1689 1077 1765 γένος
1105 1687 1289 1767 ἐρωτικῆς
1317 1708 1428 1753 τινος
1459 1688 1521 1751 διὰ

373 1788 490 1864 λόγου
520 1793 708 1870 ποιήςεώς
740 1791 846 1857 ἐςτιν.
887 1790 958 1869 Quo
986 1811 1028 1857 ex
1051 1791 1122 1856 loco
1151 1791 1305 1874 colligere
1337 1808 1521 1874 possumus

374 1889 579 1974 Clearchum,
607 1893 791 1958 Aristotehs
819 1893 1026 1978 discipilum,
1059 1891 1213 1978 epistulas
1240 1894 1420 1958 amatorias
1452 1913 1520 1957 non

372 1994 546 2077 ignorasse.
588 1996 671 2060 Nam
695 1996 781 2079 quod
804 1997 963 2080 Georgius
986 1996 1102 2061 Kaibel
1124 1998 1159 2060 iu
1182 1997 1346 2062 Athenaei
1371 1997 1520 2062 editione

373 2096 507 2181 dubitat,
523 2101 632 2164 utrum
648 2100 748 2164 verba
763 2102 812 2164 καὶ
830 2105 895 2164 πᾶν
914 2102 1001 2166 ard.
1032 2099 1179 2165 Clearehi
1197 2100 1264 2164 siut
1282 2121 1325 2164 an
1342 2099 1518 2166 Athenaei
1599 2095 1600 2099 ’

373 2201 526 2282 quoniam
542 2205 768 2268 amatoriarum
785 2203 997 2287 epistularum
1014 2202 1070 2266 illa
1085 2205 1189 2268 aetate
1203 2221 1292 2267 unus
1312 2208 1402 2268 esset
1422 2203 1518 2268 testis

373 2301 557 2387 Clearchus,
584 2323 652 2388 nos,
677 2306 734 2388 qui
761 2306 862 2370 multo
890 2309 964 2370 ante
992 2307 1137 2372 extitisse
1164 2305 1244 2370 tales
1272 2305 1435 2390 epistulas
1469 2305 1517 2366 ri-

372 2405 488 2489 dimuS,
513 2408 590 2473 huie
613 2415 802 2491 argumento
825 2407 912 2472 haud
935 2409 980 2472 ita
1002 2409 1139 2473 multum
1163 2407 1355 2473 tribuemus.

463 2507 556 2586 Quod
583 2512 732 2592 sequitur
759 2512 987 2594 testimonium,
1012 2513 1140 2595 quantis
1164 2510 1429 2576 dubitationibus
1461 2510 1515 2576 ob

372 2611 506 2674 noxium
531 2614 581 2694 sit,
604 2613 673 2695 ipse
695 2633 762 2676 nou
780 2613 910 2700 ignor03
935 2614 1095 2699 proferam
1118 2617 1234 2680 tamen
1265 2614 1338 2678 Iam
1357 2615 1450 2678 eninr
1474 2612 1514 2678 ad

371 2714 635 2798 philosophorum
660 2716 813 2799 epistulas
838 2715 1037 2800 devenimus,
1061 2735 1142 2800 quas
1169 2719 1225 2782 aut
1253 2717 1403 2800 scriptas,
1433 2721 1514 2781 uta

371 2816 518 2900 pluribus
529 2822 551 2900 ¹)
575 2819 766 2904 legerentur,
789 2823 845 2885 aut
870 2818 961 2886 brevi
985 2824 1058 2904 post
1081 2819 1181 2885 editas
1205 2837 1304 2884 nemo
1329 2819 1512 2884 mirabitur.

463 2993 484 3060 ¹)
504 2992 544 3046 Cf.
558 2991 694 3062 epistulas
707 2993 818 3063 Epicuri
837 2993 913 3063 (vide
926 2991 1018 3048 Herm.
1032 2993 1123 3060 Peter,
1141 2992 1195 3045 Der
1208 2991 1288 3046 Brief
1304 2991 1336 3046 in
1355 2990 1408 3045 der
1425 2991 1512 3046 romi·

372 3076 461 3131 sohen
479 3077 632 3132 Litteratur
650 3094 675 3147 p.
691 3078 743 3147 16).
771 3078 812 3132 Ex
829 3077 925 3133 indole
944 3078 1089 3145 librorum,
1109 3076 1156 3146 qui
1175 3075 1212 3130 ad
1232 3081 1344 3131 certam
1364 3076 1511 3147 quandam

372 3176 522 3230 personam
535 3162 691 3232 mittuntur,
711 3179 809 3218 earum
828 3163 1012 3233 epistularum
1030 3165 1132 3217 natura
1151 3160 1318 3230 ακρῑίοαέαι,
1339 3177 1422 3230 quae,
1443 3165 1475 3214 ut
1495 3176 1512 3214 a

371 3245 498 3315 pluribus
516 3247 684 3316 legerentur,
703 3249 799 3304 statim
819 3249 993 3318 compositae
1010 3253 1076 3303 sunt
1093 3251 1142 3302 aut
1159 3247 1385 3315 agrammaticis
1403 3251 1454 3301 aut
1472 3247 1511 3300 ab
1599 3303 1600 3318 ,

372 3331 422 3400 eis,
442 3333 489 3401 qui
507 3333 725 3402 rempublicam
745 3333 934 3402 capessebant
955 3333 999 3402 (cf.
1019 3333 1110 3387 Herm.
1130 3331 1219 3398 Peter,
1239 3331 1297 3386 Der
1314 3331 1394 3387 Brief
1409 3331 1440 3385 in
1459 3331 1512 3386 der

371 3417 533 3472 romischen
543 3417 694 3473 Litteratur
707 3435 732 3488 p.
740 3417 881 3488 216sqq.).
896 3417 977 3473 Velut
984 3417 1138 3472 Varronem
1150 3415 1257 3471 scimus
1269 3417 1510 3472 commentarium

371 3501 451 3556 illum
463 3501 613 3572 privatum,
633 3501 763 3572 quamde
781 3503 873 3558 officio
890 3503 1014 3557 consulis
1028 3502 1064 3557 ad
1077 3501 1239 3571 Pompeium
1257 3501 1423 3571 scripserat,
1443 3517 1510 3556 curn

370 3585 533 3655 interiisset,
552 3587 760 3657 redintegrasse
773 3591 858 3656 atque
875 3586 997 3642 edidisse
1016 3587 1047 3642 in
1065 3585 1143 3641 libris
1162 3585 1364 3654 quaestionum
1382 3586 1509 3656 epistoli-

371 3671 523 3741 carum(cf.
534 3671 616 3726 Peter
628 3673 671 3727 ll.
685 3672 756 3741 217).
775 3671 829 3741 lpsi
840 3671 869 3726 hi
881 3671 945 3726 libri
959 3671 1042 3726 nobis
1052 3675 1191 3726 testantur
1204 3669 1343 3739 epistulas
1353 3671 1412 3726 iam
1422 3675 1510 3725 antea

371 3755 532 3826 diligentius
546 3756 666 3826 scriptas
678 3761 706 3810 et
718 3757 749 3810 iu
761 3755 904 3826 publicum
917 3755 1009 3812 editas
1022 3755 1156 3810 extitisse.
1176 3753 1273 3823 Neque
1291 3755 1351 3810 alia
1364 3755 1400 3810 de
1419 3769 1508 3810 causa

371 3840 444 3895 hanc
459 3842 580 3896 formam
592 3841 714 3910 elegisse
726 3843 814 3896 Varro
831 3840 950 3907 videtur,
965 3855 1049 3910 quam
1061 3839 1250 3909 Hippolochus
1263 3839 1312 3895 ille
1326 3845 1355 3895 et
1367 3841 1506 3911 Lynceus,

371 3939 435 3980 cum
455 3925 596 3994 convivia,
615 3926 716 3995 quibus
729 3925 928 3992 interfuissent,
942 3925 1098 3994 elegantius
1111 3923 1165 3978 sibi
1177 3940 1227 3993 per
1239 3923 1352 3980 litteras
1369 3925 1506 3980 referrent

370 4009 447 4078 (vide
460 4011 534 4066 iufra
546 4029 572 4080 p.
586 4011 621 4065 36
634 4011 714 4080 sqq).
733 4009 882 4065 Breviores
898 4010 938 4064 ita
957 4013 1006 4064 aut
1025 4009 1201 4064 narrationes
1220 4011 1270 4063 aut
1287 4007 1504 4064 dissertationes

371 4093 401 4147 in
420 4093 483 4148 libri
502 4096 622 4150 formam
646 4095 792 4150 commode
816 4093 1022 4164 redigebantur.
1052 4093 1121 4148 Cum
1140 4093 1274 4148 Varronis
1298 4095 1504 4150 commentario

373 4175 545 4247 εῐςαγωγικῷ
571 4183 636 4250 apte
665 4179 807 4235 confertur
839 4178 871 4247 Q.
895 4177 1039 4234 Ciceronis
1067 4177 1188 4248 epistula
1212 4177 1247 4233 de
1271 4179 1411 4247 petitione
1438 4193 1504 4234 con·
1599 4195 1600 4198 ¹
