3248 4910
391 403 434 465 84
809 409 844 466 ld.
863 411 1088 479 Heinemann‚

478 579 645 647 Hactenus
673 581 829 667 epistulae
858 581 1057 666 Philostrati,
1084 601 1219 665 quarum
1245 577 1431 646 similitudo
1453 595 1515 642 cum

390 683 564 749 comoediis
591 685 672 751 locis
700 685 924 751 communibus
952 687 1059 751 evita
1086 685 1222 770 sumpb's
1250 683 1411 760 debetur;
1440 699 1516 744 nunc

390 785 430 850 ad
453 787 649 854 Aristaeneti
677 788 830 873 epistulas
856 791 1070 872 transeamus,
1097 807 1235 873 quarum
1263 785 1448 852 nonnullae
1473 802 1516 848 co

390 890 523 955 moediis
546 893 612 955 tam
631 897 784 976 cognatae
803 896 887 975 sunt,
910 894 948 956 ut
970 891 1010 956 ab
1030 891 1080 956 his
1103 891 1211 974 aliqua
1227 891 1358 956 ratione
1383 883 1516 973 pendere

389 991 567 1058 videantur.
598 994 679 1059 (lum
698 992 975 1079 comoediographi
997 993 1088 1058 lenas
1110 994 1338 1060 meretricibus
1365 987 1516 1076 imperitis

388 1099 559 1182 praecepta
586 1097 699 1164 dantes
727 1098 890 1180 inducant,
914 1103 946 1162 et
968 1103 1081 1182 poetae
1104 1096 1238 1182 elegiaci
1265 1095 1410 1162 Romani
1437 1091 1518 1170 (Pro

388 1200 483 1284 pertii
498 1200 546 1264 IV
556 1203 585 1282 5,
598 1199 707 1265 Ovidii
716 1203 788 1266 Am.
799 1202 816 1266 I
828 1203 860 1286 8)
879 1220 1043 1267 sermones
1061 1201 1207 1266 lanarum
1223 1202 1407 1282 imitentur,
1427 1197 1516 1276 Leo¹l

387 1307 481 1386 putat
499 1301 652 1368 Ovidium
670 1309 703 1369 et
717 1303 921 1389 Propertium
939 1305 974 1368 in
993 1305 1057 1369 illis
1073 1305 1184 1390 elegiis
1200 1301 1440 1390 componendis
1455 1317 1516 1364 oar-

388 1407 476 1471 mina
485 1407 626 1490 elegiaca
635 1407 856 1474 Alexandrina
863 1410 1055 1494 respexisse,
1068 1428 1204 1492 quorum
1216 1410 1332 1493 poetae
1344 1401 1514 1471 comoediis

387 1509 531 1575 fontibus
554 1511 604 1574 usi
627 1512 701 1575 sint.
734 1511 827 1590 Quod
847 1513 1033 1578 confirmari
1052 1511 1247 1576 Aristaeneti
1271 1508 1416 1594 epistula
1438 1505 1514 1584 Ill,

388 1632 469 1696 quae
482 1613 522 1678 ad
533 1613 620 1678 idern
631 1621 857 1699 argumentum
868 1619 998 1700 spectet,
1010 1617 1060 1680 vir
1072 1615 1278 1681 doctissimus
1293 1611 1384 1678 dicit
1409 1607 1511 1675 Puella

387 1716 595 1800 adulescenti,
619 1719 676 1801 qui
699 1723 793 1784 nocte
816 1721 1110 1798 παρακλαυείθυρον
1131 1718 1301 1800 cecinerat,
1320 1715 1439 1780 scribit
1454 1731 1510 1775 non

309 1814 312 1820 ’
387 1823 484 1883 cantu
500 1837 544 1902 se,
560 1819 618 1884 sed
633 1822 764 1904 argento
781 1819 864 1885 elici.
898 1819 1052 1897 Quamvis
1071 1820 1156 1884 enim
1176 1820 1267 1904 virgo
1286 1820 1329 1883 sit
1348 1825 1384 1884 et
1402 1815 1510 1882 amoris

378 1922 505 2004 nescia,
527 1921 733 1987 meretricum
754 1922 851 1986 vitam
875 1925 1041 2006 artemque
1065 1942 1099 1988 se
1119 1923 1265 2007 exemplo
1288 1921 1424 1987 maioris
1441 1920 1508 1984 natu

387 2026 506 2089 sororis
533 2024 701 2104 didicisse3
732 2045 829 2108 quam
857 2031 894 2090 ut
919 2027 1071 2111 optimam
1098 2026 1305 2092 meretricum
1330 2024 1506 2108 magistram

386 2127 580 2192 amatoribus
596 2127 703 2192 dicere
719 2127 788 2192 ‘vos
803 2128 934 2212 formae,
953 2147 1012 2212 ego
1029 2129 1153 2213 argenti
1168 2126 1279 2213 cupidi
1295 2147 1419 2208 sumus,
1437 2124 1510 2188 alter

386 2230 518 2295 alterius
546 2229 707 2296 desiderio
736 2231 950 2314 obsequatur'.
989 2233 1095 2317 Ipsam
1122 2251 1260 2316 quoque,
1288 2233 1317 2296 si
1347 2229 1505 2314 argentum

386 2333 503 2398 atterat
524 2333 660 2416 iuvenis,
683 2336 761 2399 satis
784 2340 927 2420 paratam
950 2355 1030 2401 esse.

474 2441 682 2525 Respondent
711 2442 820 2526 aliquo
850 2443 944 2507 modo
972 2449 1058 2508 certe
1089 2443 1167 2508 huie
1197 2441 1355 2526 epistulae
1387 2437 1505 2518 elegiae.

387 2547 505 2630 quibus
527 2549 621 2615 lenae
640 2548 814 2634 discipulas
832 2569 907 2616 suas
925 2553 1035 2616 vetant
1057 2549 1233 2634 quidquam
1253 2551 1384 2633 praeter
1402 2561 1503 2629 argen-

387 2661 455 2720 tum
478 2655 648 2740 respicere.
684 2656 838 2722 Conteras
861 2657 1020 2741 Propertii
1043 2658 1177 2742 elegiam
1194 2657 1243 2721 IV
1259 2659 1289 2739 5,
1307 2658 1348 2720 53
1360 2675 1424 2738 sq:

493 2791 620 2855 Aurum
643 2795 795 2874 spectato,
818 2810 883 2855 non
908 2811 991 2875 quae
1014 2809 1128 2855 manus
1151 2789 1273 2854 adferat
1295 2807 1423 2854 aurum.

539 2898 696 2963 Versibus
719 2899 837 2963 auditis
861 2897 938 2982 quid
961 2899 1024 2962 nisi
1047 2897 1146 2964 verba
1167 2897 1277 2962 feres?

386 3033 418 3094 et
441 3028 548 3095 Ovidii
571 3034 680 3096 Amor.
696 3031 712 3095 Ι
729 3035 758 3114 8,
775 3035 815 3096 51
828 3051 873 3115 sq.
898 3033 1013 3115 disq:

491 3163 586 3247 Ecce,
610 3165 688 3248 quid
710 3167 771 3230 iste
793 3171 869 3231 tuus
892 3173 1018 3250 praeter
1040 3184 1123 3230 nova
1146 3165 1289 3231 earmina
1311 3167 1402 3229 vates

536 3271 666 3336 Donat?
689 3275 850 3338 Amatoris
874 3273 962 3338 milia
984 3273 1085 3338 multa
1107 3273 1204 3357 leges.

493 3379 556 3457 Qui
579 3378 675 3462 dabit,
699 3379 753 3445 ille
776 3379 836 3445 tibi
859 3401 973 3464 magno
997 3381 1040 3444 sit
1061 3380 1161 3444 maior
1183 3377 1341 3444 Homero:

537 3486 639 3552 Crede
662 3487 750 3570 mihi,
773 3507 825 3552 res
849 3492 898 3552 est
923 3488 1090 3571 ingeniosa
1112 3486 1197 3552 dare.

384 3639 460 3685 eum
480 3621 683 3715 ‚Aristaeneti
710 3619 812 3685 114:
841 3619 916 3686 οὔτε
943 3621 1041 3686 αὐλὸε
1075 3621 1200 3700 ἑταίραν
1228 3615 1295 3685 οἶδε
1322 3619 1497 3699 προτρέπειν

384 3725 458 3792 οὔτε
476 3727 556 3811 λύρᾳ
574 3747 618 3792 nc
642 3727 808 3807 ἐφέλκεται
831 3728 954 3808 πόρνα(
972 3727 1123 3807 ἀργυρίου
1146 3729 1250 3808 χωρία.
1281 3727 1383 3806 κέρδει
1406 3725 1495 3805 μόνον

383 3835 590 3916 δουλεύομεν,
621 3833 660 3898 οὐ
684 3834 860 3913 θελγόμεθα
883 3837 1049 3918 μελῳδίαιε
1073 3884 1152 3899 ....
1181 3833 1247 3899 ἀλλ’
1266 3833 1368 3911 ἔγωγε
1390 3833 1497 3910 παλαιᾷ

384 3939 522 4002 ευνοῦεα
545 3937 914 4020 πορνοδιδαειιάλῳ
937 3943 973 4018 τῇ
994 3937 1115 4021 ἀδελφῇ
1139 3937 1236 4002 acl.
1259 3937 1327 4001 Aut
1349 3927 1494 4020 Propertii

382 4037 430 4102 IV
447 4041 476 4122 5,
493 4041 534 4102 55
546 4057 629 4122 sqq:

477 4209 495 4278 ¹)
514 4209 704 4266 Plautiniache
723 4211 924 4281 Forschunpen
942 4227 967 4281 p.
983 4211 1034 4267 132
1040 4229 1047 4278 ;
1066 4209 1131 4267 vide
1154 4211 1239 4268 etiam
1257 4209 1384 4267 lluelzeri
1402 4207 1495 4264 nno

383 4297 498 4352 tationis
517 4313 542 4367 p.
557 4299 643 4370 eosq.
