3248 4910
359 266 400 330 62
778 273 814 327 Μ.
833 273 1056 342 Heinemann,

357 447 434 528 erat,
453 463 535 527 quae
555 444 670 509 Ionum
688 444 724 508 in
742 444 877 509 urbibus
896 447 952 509 aut
968 449 1082 528 postea
1099 429 1332 511 Alexandriae.
1373 445 1505 529 Ubique

357 553 437 612 tunc
459 548 655 619 meretrices,
679 547 805 630 militae,
828 547 929 630 lenae,
959 547 1100 632 parasiti,
1123 567 1219 614 senes
1242 549 1367 631 severi,
1395 549 1506 632 cupidi

357 649 582 716 adulescentes
592 655 688 733 atque
701 649 830 734 ubique,
843 651 871 714 si
884 650 1057 716 dialectum
1065 653 1296 735 propriumque
1306 651 1506 717 Atticorum

357 754 514 818 sermonis
534 755 566 819 et
587 752 778 838 elegantiam
798 755 830 818 et
853 753 1030 819 castitatem
1051 754 1237 838 omittimus
1260 755 1390 819 eodem
1411 753 1506 818 modo

356 855 543 939 loquuntur.
581 854 631 920 Dc
656 857 743 920 certe
766 855 994 939 Menandrum,
1023 876 1097 922 cum
1120 857 1210 922 hunc
1232 862 1301 923 arte
1330 857 1507 923 excoleret

356 977 537 1024 sermonem
547 959 579 1041 ¹),
603 963 636 1023 et
653 959 760 1041 ipsum
780 959 967 1024 immutasse
986 978 1167 1042 novamque
1186 959 1411 1042 comoediam,
1432 980 1506 1025 cnm
1596 1023 1597 1048 ,

356 1061 460 1146 prima
485 1063 638 1126 amatoria
663 1066 853 1145 argumenta
876 1080 918 1126 ex
940 1063 1006 1126 vita
1029 1063 1129 1146 petita
1150 1064 1244 1128 seriis
1267 1064 1506 1128 insererentur

355 1163 481 1246 litteris,
497 1169 530 1230 et
541 1183 656 1229 sensus
669 1168 701 1229 et
711 1183 893 1230 sermonem
906 1164 1082 1229 amantium
1094 1165 1220 1248 ditasse,
1232 1166 1319 1232 sicut
1332 1167 1505 1230 maiorum

356 1271 540 1332 nostrorum
565 1267 719 1332 memoria
747 1268 891 1350 apoetis
920 1268 1001 1351 suis,
1032 1267 1143 1351 quales
1170 1268 1342 1334 Rousseau
1374 1269 1446 1334 fuit
1474 1272 1505 1333 et

357 1369 488 1453 Goethe,
512 1369 696 1434 didicerunt
713 1375 865 1452 amantes
886 1369 966 1454 quid
989 1371 1153 1453 sentirent,
1172 1370 1251 1454 quid
1268 1372 1504 1455 loquerentur.

356 1472 419 1538 Sed
441 1472 534 1538 brevi
558 1473 637 1538 haec
661 1473 754 1556 quasi
777 1471 960 1537 communia
982 1471 1163 1538 factasunt
1187 1479 1227 1557 et,
1251 1475 1281 1538 si
1300 1473 1503 1559 diligentius

354 1576 517 1660 inspicies
535 1595 651 1660 magna
670 1595 711 1641 ex
727 1578 818 1660 parte
837 1575 876 1640 de
893 1573 1118 1641 communibus
1136 1576 1289 1661 profecta
1317 1576 1398 1654 Quo
1420 1577 1503 1642 haec

355 1681 497 1765 tendant,
523 1680 649 1747 duobus
675 1683 800 1746 mutum
826 1681 984 1765 exemplis
1009 1679 1140 1762 docebo,
1167 1679 1285 1761 quibus
1308 1679 1500 1746 Hoelzerus

356 1783 532 1869 elegiarum
554 1782 853 1849 Alexandrinarum
875 1783 964 1848 locos
985 1801 1178 1867 recuperare
1201 1781 1265 1847 sibi
1287 1782 1437 1848 edetur

445 1887 579 1972 Saepius
603 1889 725 1952 amator
743 1885 821 1952 deos
845 1889 944 1970 rogat,
967 1888 1004 1950 ut
1026 1888 1083 1950 aut
1104 1885 1211 1970 puella
1233 1887 1336 1950 amori
1356 1905 1425 1952 suc
1449 1905 1498 1950 re

355 1988 519 2074 spondeat,
542 1991 599 2054 aut
621 1989 690 2073 ipse
710 1987 864 2073 cupidine
882 1987 1079 2070 liberetur2).
1110 1987 1157 2052 ef.
1173 1987 1314 2053 Terentii
1334 1987 1497 2055 Eunuchi

356 2093 492 2175 91sqq.:

714 2193 740 2258 Ο
764 2193 868 2276 Thais,
891 2194 994 2276 Thais
1019 2195 1142 2258 utinam
1166 2199 1252 2260 esset
1273 2195 1357 2258 mihi

484 2296 563 2361 Pars
587 2316 690 2380 aequa
712 2296 961 2362 amoris-tecum
984 2316 1022 2361 ao
1044 2297 1165 2381 pariter
1186 2296 1290 2378 fieret,

484 2399 530 2464 Ut
551 2405 608 2464 aut
630 2400 691 2465 hoc
714 2399 773 2463 tibi
796 2398 920 2465 doleret
941 2397 1061 2482 itidem,
1084 2405 1121 2464 ut
1143 2400 1222 2464 mihi
1246 2399 1340 2484 dolet,

483 2503 552 2567 Aut
575 2521 633 2586 ego
657 2501 743 2566 istuc
766 2500 823 2566 abs
844 2507 876 2567 te
899 2501 1022 2566 factum
1045 2501 1139 2566 nihili
1161 2502 1345 2587 penderem

352 2631 470 2697 Tibulli
493 2633 509 2696 l
530 2633 559 2714 2,
577 2633 617 2696 63
629 2650 691 2715 sq.:

529 2749 603 2814 Non
626 2768 685 2834 ego
709 2751 795 2814 totus
818 2747 945 2814 abesset
968 2767 1065 2832 amor,
1089 2747 1147 2814 sed
1168 2753 1301 2813 mutuus
1326 2755 1426 2832 esset,

583 2853 737 2931 Orabam3
762 2873 823 2919 nec
846 2858 878 2918 te
900 2871 996 2936 posse
1020 2871 1130 2918 carere
1153 2853 1259 2919 velim.

352 2978 400 3044 IV
417 2981 446 3062 5,
464 2981 559 3044 5-8.
579 2981 619 3044 13
631 2998 692 3062 sq.:

429 3095 515 3162 Uror
537 3115 596 3181 ego
620 3101 693 3160 ante
717 3094 810 3160 alias:
835 3096 925 3160 iuvat
947 3095 1017 3178 hoo,
1041 3094 1201 3178 Cerintho,
1225 3093 1312 3180 quod
1335 3116 1424 3180 uror,

481 3199 517 3266 Si
539 3198 599 3264 tibi
626 3198 782 3264 danobis
805 3201 938 3264 mutuus
961 3199 1046 3282 ignis
1069 3197 1167 3264 adest

428 3301 562 3368 Mutuus
585 3300 670 3366 adsit
691 3321 788 3384 amor,
811 3321 870 3387 per
891 3307 924 3368 te
947 3301 1133 3367 dulcissima
1155 3302 1241 3366 truta

481 3405 608 3489 Perque
632 3411 704 3470 tuos
728 3405 839 3470 oculos
862 3425 920 3490 per
941 3405 1138 3489 geniumque
1160 3425 1247 3490 rogo.

512 3574 669 3644 Elusosque
688 3589 773 3630 senes
792 3575 936 3646 agilesque
954 3589 1005 3644 per
1022 3573 1120 3630 omnia
1137 3589 1244 3641 servos,

511 3660 581 3730 Quis
599 3661 629 3716 iu
648 3665 751 3717 cuneta
769 3678 851 3717 suam
869 3661 1002 3732 produxit
1019 3660 1135 3716 saecule
1152 3661 1241 3716 vitam

511 3745 627 3801 Doctior
644 3745 714 3801 urbe
732 3761 785 3802 sua
802 3745 916 3817 linguae
935 3745 988 3801 sub
1007 3745 1075 3801 flore
1096 3745 1295 3811 Menander,

511 3831 564 3901 Qui
583 3830 676 3886 vitae
695 3831 819 3886 ostendit
836 3830 942 3886 vitam
960 3831 1121 3900 chartisque
1140 3829 1273 3886 sacravit.

444 3918 463 3988 ι)
482 3917 618 3973 Conferas
635 3916 775 3973 Theodori
791 3916 882 3986 Bergk
898 3915 1089 3972 ‘Griechische
1105 3913 1432 3984 litterator-geschichte·
1448 3911 1480 3968 Ν

349 4017 375 4071 p.
386 3999 451 4056 203:
465 4002 518 4057 ‘An
529 4002 575 4058 die
588 4001 672 4058 Stella
685 4002 736 4058 des
748 4001 861 4057 idealen
870 4001 955 4056 Stiles
967 4000 1026 4056 tritt
1035 4000 1099 4056 eine
1108 3997 1293 4055 entschiedeu
1301 3997 1478 4055 realistische

349 4084 642 4157 Behandlungsweise,
661 4087 720 4142 und
732 4085 886 4142 ebendarin
904 4084 1047 4140 bewahrte
1059 4082 1214 4140 Menander
1225 4083 1306 4139 seine
1317 4081 1426 4138 Kuust'.

440 4171 462 4240 ¹)
482 4169 522 4226 Ct.
542 4171 670 4227 Hoelzeri
690 4170 899 4227 dissertationis
917 4186 944 4241 p.
957 4171 1043 4240 66sq.
