3248 4910
361 378 425 443 114
720 443 722 450 s
788 388 823 444 Μ.
842 388 1063 458 Heinemann‚

465 559 539 639 Πῦρ
563 563 613 626 καὶ
636 563 790 629 θάλατταν
814 563 864 627 καί
886 563 990 628 πνοὰ(
1012 563 1068 628 τὰ(
1090 561 1217 642 αἴθεροτ

464 662 575 742 Περᾶν
599 665 723 744 ἕτοιμος

358 785 437 876 ὑπὲρ
460 791 518 852 τοῦ
544 790 641 868 φίλου
665 787 764 870 οὗπερ
788 789 828 855 ἂν
852 791 1001 875 κελεύῃῑ).
1025 790 1114 855 Tales
1135 790 1235 874 igitur
1253 789 1485 875 descriptiones

358 908 399 952 ex
431 891 547 972 quovis
576 891 657 957 libro
690 893 810 958 erotioo
840 893 941 977 repeti
973 895 1148 978 potuerunt
1177 913 1283 976 neque
1315 893 1355 958 ad
1389 913 1484 958 unam
1599 969 1600 986 ,

358 991 492 1076 elegiam
517 1013 576 1058 nos
598 995 774 1060 remittunt.
922 1008 924 1014 '
1599 989 1600 994 ἵ

448 1095 606 1174 Quoniam
631 1098 671 1164 de
694 1099 839 1183 epistulis
863 1099 1048 1165 Philostrati
1073 1103 1175 1184 7144)
1198 1103 1231 1165 et
1254 1101 1295 1164 23
1312 1102 1381 1182 (45)
1408 1101 1484 1163 satis

358 1199 579 1285 disseruimus,
596 1201 640 1290 'ad
658 1203 817 1286 Propertii
836 1203 916 1286 115,
933 1205 1065 1268 25-42
1085 1204 1217 1287 elegiam
1239 1209 1271 1268 et
1287 1205 1484 1268 Aristaeneti

357 1302 425 1366 119
446 1305 625 1389 epistulam,
649 1326 728 1389 quas
748 1307 999 1391 Gollnisohius¹)
1023 1309 1108 1371 inter
1130 1326 1165 1372 se
1189 1313 1360 1391 comparat,
1384 1313 1485 1370 truns-

357 1429 475 1474 eamus.
507 1410 549 1474 ut
571 1410 605 1473 in
625 1409 726 1498 elegia
746 1415 777 1475 et
800 1411 834 1474 in
854 1411 993 1495 epistula
1011 1417 1134 1476 amator
1152 1432 1171 1475 a
1188 1411 1297 1495 puella
1320 1409 1485 1496 deeeptus,

356 1532 398 1577 ne
410 1513 466 1578 illa
477 1513 627 1597 periuriis
639 1513 717 1578 deos
729 1511 855 1580 laedere
868 1520 987 1599 pergat,
1003 1516 1090 1599 petit
1120 1514 1251 1604 Confert
1266 1513 1486 1579 Gollnisohius

356 1615 515 1700 Propertii
538 1617 554 1680 I
572 1619 622 1700 15,
639 1618 681 1681 25
692 1637 775 1701 sqq.:

485 1749 607 1816 Desine
630 1754 695 1816 iam
718 1772 869 1818 revocare
892 1754 957 1818 tuis
980 1755 1122 1838 periuria
1145 1752 1259 1834 verbis

540 1855 686 1940 Cynthia,
711 1859 743 1921 et
765 1856 880 1921 oblitos
905 1877 999 1941 parce
1022 1877 1151 1922 movere
1175 1857 1259 1938 deos,

486 1958 613 2042 Audax,
637 1959 815 2024 onimium
838 1963 949 2025 nostro
974 1958 1113 2026 dolitura
1134 1959 1264 2044 periclo,

539 2061 574 2128 Si
597 2063 674 2146 quid
697 2063 781 2128 forte
804 2063 862 2127 tibi
886 2063 1001 2128 durius
1024 2064 1181 2129 inciderit
1315 2125 1318 2134 .

486 2164 577 2230 Muta
599 2167 688 2250 prius
712 2169 801 2230 vasto
824 2166 974 2232 labentur
996 2166 1132 2232 flumina
1154 2173 1261 2251 ponto,

539 2271 655 2334 Annus
677 2273 712 2339 ¹et
733 2272 877 2334 inversas
900 2269 1032 2336 duxerit
1054 2275 1128 2336 unte
1151 2271 1248 2354 vinee,

486 2371 589 2449 Quam
611 2375 667 2438 tua
691 2374 751 2438 sub
775 2377 884 2438 nostro
908 2377 1051 2439 mutetur
1073 2380 1201 2459 pectore
1225 2395 1321 2439 eura:

539 2475 598 2558 Sis,
623 2476 847 2561 quodcumque
873 2477 969 2560 voles,
995 2497 1059 2542 non
1082 2478 1187 2544 aliena
1209 2481 1327 2544 tamen.

487 2579 565 2643 Nam
591 2580 713 2646 tibine
737 2580 818 2646 viles
841 2581 895 2646 isti
918 2579 1089 2646 videantur
1112 2581 1214 2664 ocelli,

537 2683 601 2748 Per
624 2703 704 2766 quos
727 2703 823 2768 saepe
846 2684 925 2748 mihi
950 2683 1071 2749 credita
1097 2684 1235 2768 perfidia
1258 2687 1322 2750 est!

484 2784 553 2850 Hos
576 2789 613 2851 tu
635 2787 773 2871 iurabas,
797 2789 825 2852 si
849 2788 926 2872 quid
951 2790 1084 2853 mentita
1107 2788 1234 2871 luisses

540 2889 585 2954 Ut
606 2890 665 2954 tibi
688 2892 861 2975 suppositis
886 2891 1074 2957 exciderent
1096 2891 1260 2957 manibus:

479 2994 660 3064 utcontra
683 3015 835 3079 magnum
857 3000 946 3078 potes
969 2995 1028 3059 hos
1051 2995 1194 3060 attollere
1217 2993 1328 3076 solem,

538 3097 608 3162 Neo
630 3097 741 3162 tremis
765 3097 921 3164 admissae
946 3099 1075 3164 oonsoia
1098 3099 1286 3181 nequitiae?

356 3260 430 3306 oum
449 3241 644 3307 Aristaeneti
668 3243 701 3306 Π
718 3245 754 3306 9:
779 3245 825 3308 Σὺ
849 3247 906 3322 μὲν
923 3245 996 3309 iture
1016 3243 1073 3309 οἴει
1093 3243 1279 3323 βαρύνεεθαί
1303 3263 1341 3322 με
1362 3245 1501 3324 δεινῶς,-

356 3345 402 3409 ὅτι
426 3347 464 3425 δή
489 3367 525 3423 με
548 3349 704 3411 τοεοῦτον
728 3346 853 3425 ἐρῶντα
880 3347 1134 3425 restituendum
1163 3349 1199 3410 δὲ
1225 3347 1352 3429 τούτου,
1379 3347 1419 3424 νή
1444 3349 1480 3410 τὸ

355 3450 413 3514 τὸν
431 3449 617 3532 πρότωπον,
642 3453 768 3529 βραχεῖα
792 3451 924 3530 φροντὶε
946 3451 1027 3529 πρὸ(
1051 3451 1163 3528 ἕτερόν
1187 3469 1222 3525 γε
1245 3453 1350 3529 μεῖζον
1373 3448 1481 3531 κακόν,

356 3550 480 3631 ἐπείπερ
497 3553 541 3618 ὡ(
557 3551 752 3633 ἁπλουετάτη
777 3555 827 3617 καὶ
845 3555 902 3618 νέα
919 3557 1161 3633 περιφρονοῦεα
1178 3555 1364 3632 τηλικοῦτον
1384 3551 1483 3630 ὅρκον

355 3657 494 3736 παρέβη(
513 3704 520 3720 .
538 3705 568 3720 ..
588 3655 658 3721 ἀλλ’
675 3657 774 3732 ἔγωγε
793 3657 921 3721 δέδοικα
941 3656 1102 3738 (εἰρήεεται
1117 3655 1188 3737 γάρ,
1207 3655 1265 3720 κᾶν
1280 3653 1483 3737 ἀπεύχομαι),

355 3761 395 3838 μή
410 3757 481 3824 τινά
497 3778 543 3823 εοι
558 3759 672 3838 ποινήν
689 3759 944 3834 ἀντεπαγάγωειν
960 3759 991 3824 οἱ
1009 3761 1084 3825 θεοί.
1112 3760 1161 3823 καὶ
1176 3758 1385 3838 ἀνιαρότερον
1401 3759 1482 3824 ἔετοι

355 3881 407 3940 μοι
433 3863 531 3925 τοῦτο
558 3863 656 3940 hnic
684 3865 740 3942 εῆε
762 3864 1007 3928 ὸιαπετττωκὲναι
1031 3862 1143 3942 pora.
1182 3859 1260 3938 ἐμὸν
1282 3861 1319 3926 τὸ
1343 3859 1483 3940 ἀτύχημα

354 3963 460 4046 τοῦτο,
489 3966 521 4028 (ὲ
544 3966 581 4028 δὲ
603 3965 641 4030 τὸ
664 3963 817 4044 παράπαν
840 3963 880 4028 od
903 3965 1005 4044 ψέγω.
1038 3965 1211 4044 τοιγαροῦν
1234 3963 1382 4028 ἱκετεύων
1401 3961 1482 4042 ὑπὲρ

356 4071 569 4083 ----

448 4123 467 4192 1)
486 4123 570 4179 Vides
589 4123 673 4194 igitur
690 4124 769 4179 illum
788 4125 936 4195 figuratum
955 4124 1110 4180 Lucinnum
1129 4123 1247 4191 colores,
1260 4121 1362 4192 quihus
1374 4122 1484 4178 Philos-

356 4209 445 4262 tratus
464 4225 617 4278 pauperem
636 4215 792 4267 amatorem
810 4211 943 4280 depingit,
957 4211 993 4266 ad
1006 4226 1132 4266 amorem
1145 4209 1280 4279 puerilem
1294 4209 1482 4264 transtulisse.

446 4293 467 4362 1)
485 4295 680 4364 'Quaestionas
698 4296 857 4368 Elegiaoae’
874 4311 901 4368 ρ.
914 4297 1018 4367 oosqq.
