3406 4786
215 363 361 433 Epistulae
371 362 527 418 amatoriae
537 361 677 433 quomodo
686 362 860 417 cohaereant
869 378 933 417 cum
943 361 1039 431 elegiis
1047 361 1254 418 Alexandrinis.
1283 355 1345 418 107

216 535 353 601 tentiam
367 534 561 599 confirmare
571 533 823 615 Gollnischius1)
838 539 979 598 conatur.
998 533 1148 598 Profecto
1163 537 1196 599 et
1204 534 1349 599 Tibullus

218 644 253 704 et
268 637 425 722 epistulae
441 636 578 719 scriptor
593 636 771 720 asuperbis
786 635 976 701 mulieribus
988 639 1111 720 petunt,
1128 644 1164 701 ut
1175 657 1349 721 puerorum

218 741 371 825 (Marathi
387 749 418 806 et
430 739 624 823 Charidemi)
640 739 803 804 amoribus
819 739 1045 822 obsequuntur.
1074 738 1226 824 Singulae
1242 746 1349 806 temon

219 845 414 927 sentcntiae,
442 862 521 926 quas
549 861 662 907 secum
689 844 874 926 comparent
896 842 958 905 viri
986 842 1081 924 docti,
1108 861 1215 925 neque
1242 841 1350 907 verbis

221 949 436 1030 consentiunt
461 952 493 1010 et
511 943 596 1028 apud
614 945 769 1028 plurimos
787 944 940 1028 leguntur
958 946 1140 1028 scriptores.
1173 945 1351 1010 (lenierunt

220 1051 307 1116 enim
326 1049 488 1114 Tibullum
513 1049 573 1131 [8,
591 1050 631 1112 51
643 1067 706 1131 sq.:

328 1176 430 1240 Parce
453 1192 567 1258 precor
590 1178 716 1238 tenero:
741 1193 806 1237 non
829 1173 877 1237 illi
901 1174 1026 1238 sontica
1049 1193 1146 1239 cause
1170 1180 1228 1256 est,

374 1277 436 1343 Sed
459 1276 581 1341 nimius
604 1276 672 1340 luto
697 1296 831 1360 corpore
853 1277 949 1360 thngit
971 1297 1068 1342 amor.

221 1412 255 1474 et
272 1408 470 1473 Aristaencti
488 1407 522 1471 H
540 1409 576 1470 1:
602 1405 698 1472 οὗτοι
722 1407 751 1470 δ’
769 1407 829 1471 οὖν
849 1405 908 1491 ἐρᾷ
927 1428 992 1490 του,
1018 1409 1151 1490 Καλύκη,
1175 1410 1224 1472 καὶ
1241 1412 1288 1492 τῷ
1308 1413 1351 1490 τῷ

220 1514 372 1592 φλέγεται
394 1511 577 1594 γλυκυτάτιμ
596 1510 679 1591 πυρί,
703 1512 754 1573 καὶ
771 1512 948 1589 τεθνήξεται
968 1514 1085 1575 θάπτον
1105 1511 1139 1575 ἐκ
1158 1512 1264 1591 τριχὸε
1283 1530 1352 1591 κρε-

221 1615 361 1696 μάμενοε
384 1615 433 1677 καὶ
452 1617 536 1678 εκιάε
555 1612 693 1678 εἴδωλον
710 1615 863 1696 γεγονώε,
887 1615 913 1679 εἰ
937 1617 977 1694 μὴ
997 1617 1056 1693 τὴν
1075 1617 1242 1694 παροῦεαν
1261 1621 1353 1695 θερα-

220 1718 312 1782 πείαν
328 1717 496 1781 ἐπινεάεειε
513 1721 558 1800 τῷ
578 1716 734 1800 μειρακίῳ.
763 1715 826 1780 Sed
845 1716 947 1800 pallor
965 1720 1022 1781 out
1040 1719 1158 1782 macies
1177 1718 1353 1781 amantium

220 1821 317 1885 toties
341 1817 578 1884 describuntur.
606 1817 652 1882 of.
668 1818 872 1883 Theocritum
896 1820 929 1883 H
945 1821 1004 1884 88:
1030 1822 1080 1885 καί
1103 1841 1160 1899 μευ
1184 1823 1271 1900 χρὼς
1297 1822 1353 1899 μὲν

221 1922 336 2003 δμοιοε
368 1922 486 1997 ἐγίνετο
515 1922 650 1986 πολλάκι
677 1923 783 2006 θάψῳ.
822 1921 981 2006 Persaepe
1011 1928 1169 1988 amotores
1199 1922 1354 2007 superbos

221 2025 346 2108 puellas
362 2025 538 2107 hortantur,
554 2027 591 2090 ut
606 2031 775 2090 venturam
791 2028 991 2090 senectutem
1008 2025 1165 2109 cogitent3
1190 2044 1354 2108 compares

222 2129 385 2194 Tibullum
407 2128 423 2191 Ι
440 2130 470 2209 8,
486 2129 527 2192 47
540 2147 601 2210 sq.:

385 2262 430 2323 At
452 2261 496 2341 tu,
521 2258 597 2323 dum
620 2259 717 2342 primi
739 2259 837 2323 floret
859 2258 918 2322 tibi
941 2260 1093 2342 temporis
1117 2263 1213 2340 actae,

431 2362 548 2426 Utere:
573 2381 639 2426 non
662 2362 753 2426 turdo
776 2361 906 2427 labitur.
919 2362 975 2426 illc
997 2361 1087 2445 pede.

223 2495 257 2557 et
279 2492 520 2556 Aristaenetum
544 2491 577 2556 ΙΙ
595 2494 629 2555 1:
660 2489 765 2557 άλλωε
787 2512 822 2556 τε
846 2492 979 2572 ὀπώραν
1002 2495 1125 2574 πωλεῖς,
1153 2492 1171 2570 ἡ
1196 2496 1275 2572 καλή

225 2599 316 2662 δίδου
342 2601 408 2661 τοῑε
436 2601 502 2662 εοῐε
525 2596 720 2676 ὀπωρώναιε
743 2601 799 2676 τήν
825 2598 912 2677 ὥραν
935 2602 1062 2677 τρυγᾶν.
1091 2597 1155 2677 μετ’
1172 2597 1281 2672 ὀλίγον
1305 2598 1355 2680 ἔεῃ

223 2701 423 2781 γεράνδρυον
447 2721 472 2764 κ.
488 2720 514 2763 τ.
531 2700 554 2764 ἕ.
579 2702 611 2763 et
632 2698 837 2764 Theocritum
862 2699 980 2763 XXIII
996 2701 1038 2764 28
1051 2720 1096 2783 sq.
1117 2703 1149 2764 et
1172 2700 1231 2764 32:

294 2831 348 2893 Καὶ
370 2830 408 2895 τό
433 2829 535 2908 ῥόδον
558 2830 659 2894 καλόν
683 2829 752 2913 ἐεπ,
776 2831 826 2894 καὶ
850 2831 868 2894 ὁ
893 2832 1013 2910 χρόνοε
1037 2830 1116 2894 αὐτὸ
1141 2831 1295 2909 μαραίνει·

294 2934 349 2997 Καὶ
371 2935 409 2998 τὸ
433 2933 484 2998 ίον
507 2933 606 2997 καλόν
630 2934 710 2998 ἐετιν
735 2933 769 2998 ἐν
793 2934 881 3016 εἴαρι,
905 2935 955 2998 καὶ
977 2935 1058 3013 ταχὺ
1081 2938 1171 3016 γηρᾷ.

295 3037 350 3099 Καὶ
373 3036 491 3101 κάλλοε
513 3036 613 3100 καλόν
637 3037 698 3101 ἐετι
720 3039 758 3101 τὸ
782 3037 936 3118 παιδικόν,
961 3035 1027 3100 ἀλλ’
1045 3035 1154 3111 ὀλίγον
1178 3042 1222 3119 ζῇ.

226 3167 259 3230 et
281 3165 411 3229 Anthol.
427 3165 493 3230 Pul.
512 3166 541 3228 V
557 3166 616 3230 8οε

318 3291 434 3368 Μῆλον
458 3290 539 3366 ἐγώ·
564 3291 669 3370 βάλλει
693 3312 731 3370 με
754 3294 859 3371 φιλῶν
883 3293 916 3355 (ἑ
939 3312 994 3355 τιε.
1018 3289 1084 3354 ἀλλ’
1102 3290 1274 3372 ἐπίνευεον,

360 3393 546 3473 Ξανθίππη·
570 3394 656 3470 κάγὼ
680 3395 731 3458 καὶ
754 3396 790 3459 τὺ
815 3395 1038 3474 μαραινόμεθα.

226 3522 332 3586 Etiam
348 3523 477 3586 Amoris
494 3521 545 3586 vel
560 3522 700 3587 Veneris
717 3523 769 3587 vel
785 3522 918 3587 deorum
934 3523 1015 3587 irem
1031 3541 1085 3588 eas
1100 3523 1215 3588 timere
1233 3522 1357 3588 iubent.

228 3624 381 3690 conferas
403 3624 565 3689 Tibullum
587 3625 649 3707 18,
666 3627 717 3689 27.
735 3627 786 3689 28.
805 3627 862 3689 69:

390 3757 460 3823 Nec
483 3763 519 3822 tu
542 3758 689 3822 difficilis
712 3776 813 3842 puero
838 3763 945 3822 temen
969 3775 1039 3822 osse
1062 3763 1231 3822 memento.

434 3861 645 3944 Persequitur
668 3862 780 3945 poenis
804 3862 907 3925 tristia
930 3860 1014 3924 iacto
1029 3860 1150 3924 Venus.

391 3962 545 4046 Oderunt
568 3964 699 4047 Pholoe,
723 3984 847 4047 mone0,
870 3963 1000 4028 fastidia
1023 3963 1089 4026 divi

229 4097 262 4159 et
284 4095 525 4160 Aristaenetum
540 4094 574 4158 H
591 4095 626 4158 l:
647 4095 757 4160 πείθου
777 4115 828 4175 μοι
845 4097 894 4158 καὶ
911 4098 968 4170 uic
987 4093 1131 4173 ἀμετρία(
1151 4094 1294 4172 άπὸεχου

323 4263 343 4333 ¹)
361 4262 558 4331 ‘Quaestiones
576 4262 733 4333 Elegiacae’
751 4279 777 4331 p.
791 4262 825 4316 62
836 4278 895 4333 sqq.
