3354 4930
183 426 370 495 Quaestiones
385 424 592 479 Tertullianeae
610 423 645 477 ad
659 423 760 477 librum
774 423 917 477 Adversus
930 423 1059 477 Praxean
1076 423 1257 492 pertinentes,
1292 419 1311 479 9

183 599 246 662 iam
270 597 354 659 dixit
372 595 607 678 KroymanuuS‚
631 594 689 658 sed
713 594 761 658 ‘et
783 596 828 657 ita
851 595 890 658 ab
914 595 984 678 ipso
1008 595 1084 658 alia'
1109 595 1148 658 ad
1172 601 1312 659 nostram

183 701 354 765 lectionem
379 699 474 762 ‘ratio
497 698 582 762 intra
605 701 709 781 ipsum
734 697 839 782 prius’
864 717 928 760 non
952 697 1014 759 iam
1039 697 1182 778 quadrat
1217 697 1313 760 Prae-

183 807 270 868 terea
302 803 400 884 ‘quae
430 801 527 865 ratio'
563 803 687 865 rectum
719 821 789 866 esse
818 803 897 864 mihi
926 821 992 864 non
1023 800 1167 879 videtum
1203 800 1313 863 nescio

185 906 263 990 quid
286 903 367 968 illud
391 904 503 986 ‘quae’
527 903 588 967 sibi
607 904 698 982 veht3
724 911 811 968 certo
832 902 1094 987 coniungendum
1113 905 1176 967 est:
1202 902 1314 965 ‘etita

185 1011 223 1072 in
242 1009 311 1092 ipso
332 1008 447 1088 omnia,
471 1007 560 1090 quia
578 1007 659 1070 ratio
678 1026 793 1071 sensus
812 1008 916 1090 ipsius
935 1007 1002 1070 est’
1033 1007 1150 1088 Agitur
1169 1007 1255 1069 enim
1274 1003 1314 1068 de

186 1117 232 1196 νῷ
251 1105 363 1176 ἑαυτὸν
378 1114 519 1192 νοοῦντι,
541 1117 578 1174 ut
597 1112 794 1175 recentiores
815 1111 971 1174 dixerunt
986 1110 1208 1193 Neoplatonici
1225 1108 1315 1172 velut

186 1213 514 1294 PseudoiamblichuS,
531 1215 586 1296 qui
604 1213 643 1278 de
656 1214 752 1295 Myst.
761 1213 871 1276 Vlll3
885 1213 975 1276 illum
988 1212 1248 1295 antiquissimum
1261 1210 1315 1274 de-

186 1339 278 1384 orum
294 1318 349 1400 qui
363 1317 484 1399 Omeph
501 1317 617 1399 audiat,
632 1317 803 1400 Aegyptiis
820 1336 890 1380 esse
908 1316 995 1379 dicit.
1019 1315 1071 1380 Ad
1093 1317 1200 1378 nostra
1216 1313 1315 1378 verbu

186 1422 282 1486 velim
294 1418 692 1488 conteras235t8-7t28:
709 1420 826 1502 ‘ipsum
836 1418 1315 1502 primumprotulitsermoncm‚

187 1524 357 1588 habentem
374 1523 407 1584 in
421 1541 455 1586 se
467 1521 651 1586 individuas
664 1541 739 1586 suas
756 1523 929 1604 (socias)
947 1523 1102 1586 rationem
1117 1527 1150 1585 et
1161 1520 1315 1604 sophiam,

188 1631 224 1690 ut
239 1646 297 1711 per
315 1627 423 1709 ipsum
441 1626 558 1689 tierent
579 1626 738 1707 universa,
762 1645 930 1708 perquem
956 1630 1046 1688 crant
1065 1625 1203 1707 cogitata
1221 1628 1316 1705 atque

188 1729 349 1813 disposita,
373 1729 470 1790 immo
490 1733 522 1790 et
539 1728 624 1792 faeta
643 1729 716 1810 iam,
741 1729 989 1809 quantumin
1013 1727 1072 1791 dei
1098 1727 1240 1790 seusu'.
1264 1725 1317 1789 Ad

186 1834 237 1898 'et
265 1834 311 1896 ita
340 1833 373 1894 in
406 1832 476 1914 ipso
510 1832 632 1894 omuia'
666 1832 705 1895 el.
739 1849 836 1914 supra
858 1831 942 1914 ‘ipse
970 1831 1033 1894 sibi
1062 1835 1094 1894 ct
1122 1830 1262 1892 mundus
1286 1833 1318 1894 et

188 1937 278 2000 locus
312 1941 345 1999 ct
377 1934 508 2016 omnia,
543 1933 711 2016 Hippolyti
745 1936 796 1998 Ele
828 1937 885 2012 τήν
920 1936 1040 2012 α’ίρεειν
1074 1935 1199 2010 Νοήτου
1229 1933 1315 1996 τινός

190 2038 499 2124 (Migne10,crrB):
524 2040 635 2103 Πάντα
655 2043 691 2102 δὲ
710 2041 750 2117 ἠν
769 2040 804 2103 ἐν
824 2038 918 2120 αὐτῷ,
943 2038 1039 2102 αὐτὸ(
1064 2041 1100 2102 δὲ
1123 2037 1161 2114 ἠν
1185 2039 1222 2100 τὸ
1244 2039 1316 2099 πᾶν.

278 2144 373 2208 h'unc
389 2141 429 2204 ad
445 2142 611 2224 sequeutia
626 2142 735 2206 verba:
753 2143 837 2206 hanc
853 2142 1008 2206 rationem
1026 2141 1140 2205 Graeci
1158 2139 1319 2223 appellant

189 2248 296 2326 λόγον,
321 2263 403 2328 quae
427 2265 490 2308 vox
515 2244 599 2327 apud
623 2244 754 2309 Latinos
779 2245 875 2309 etiam
898 2243 1031 2307 verbum
1055 2262 1112 2306 seu
1136 2260 1316 2306 sermonem

189 2350 358 2433 significat
371 2368 469 2430 quare
479 2348 692 2431 simplicitatis
702 2367 801 2412 causa
810 2365 991 2412 sermonem
1003 2347 1037 2408 in
1049 2341 1223 2428 primordio
1233 2341 1317 2426 apud

192 2454 287 2517 deum
296 2453 398 2517 fuisse
408 2453 457 2514 illi
467 2452 680 2534 dicunt,‘cum
692 2453 804 2535 magis'
814 2449 895 2534 (put
900 2451 938 2512 11
950 2447 1034 2532 apud
1047 2465 1119 2526 τινες
1134 2465 1254 2527 sequor
1266 2465 1319 2509 oo-

191 2555 291 2637 dicos)
303 2556 470 2620 ‘rationem
485 2560 644 2638 competat
660 2555 872 2636 antiquiorem
890 2551 1009 2631 haberi,
1026 2550 1183 2632 quianon
1199 2566 1319 2612 sermo·

190 2659 271 2722 natis
287 2679 305 2722 a
321 2658 486 2741 principio,
504 2658 560 2722 sed
577 2657 740 2720 rationalis
757 2657 836 2720 deus
853 2657 949 2718 etiam
966 2658 1039 2716 ante
1051 2651 1247 2735 principium
1261 2701 1266 2714 .
1281 2701 1287 2713 .
1301 2651 1318 2714 .'

192 2760 418 2842 Kroymannus
449 2759 546 2824 verba
576 2760 801 2842 ‘antiquiorem
833 2757 952 2822 haberi’
982 2754 1257 2838 (233116-6118)
1288 2759 1320 2819 et

192 2862 296 2927 ‘etiarn
310 2867 383 2927 aute
396 2863 602 2946 principium’
612 2867 652 2945 (ν.
661 2864 738 2944 seq.)
749 2862 882 2926 seclusit
894 2861 953 2923 hac
966 2859 1180 2943 explicatione
1193 2857 1318 2921 addita:

194 2966 292 3031 «Hier
311 2966 384 3030 sind
401 2966 453 3030 die
464 2966 576 3030 Worte
593 2966 818 3048 ‘antiquiorem
835 2963 957 3028 huberi’
973 2964 1046 3027 eine
1065 2961 1320 3044 haudgreifliche

191 3068 428 3151 interpolation.
466 3067 563 3132 Denn
586 3069 668 3132 nach
693 3068 766 3133 dem
790 3068 895 3133 Satze:
925 3067 1009 3130 ‘und
1032 3065 1145 3130 darum
1169 3066 1224 3128 hat
1247 3084 1320 3127 man

192 3172 260 3235 sich
288 3171 341 3236 bei
368 3193 431 3236 uns
458 3172 579 3255 infolge
607 3172 665 3236 der
687 3172 809 3235 Ilinfalt
837 3170 894 3235 der
918 3157 1143 3252 llbersetuung
1170 3168 1322 3250 gewtihnt

191 3295 233 3338 au
260 3294 367 3359 eugen,
397 3276 442 3339 im
466 3275 596 3358 Anfung
625 3276 672 3339 sei
703 3275 761 3338 der
790 3274 928 3338 ‘sermo’
958 3273 1011 3337 bei
1043 3273 1119 3334 Gott
1148 3269 1320 3354 geweseu'‚

191 3378 277 3442 kann
294 3376 351 3441 der
365 3378 515 3461 folgende
532 3378 732 3442 adversative
752 3377 904 3441 Gadanhe
922 3396 986 3439 nur
1000 3375 1126 3438 lauten:
1152 3371 1321 3436 ‘withrend

192 3500 228 3545 es
246 3481 401 3564 ricbtiger
418 3487 502 3544 wire
521 3501 561 3544 zu
581 3499 696 3563 sagon:
722 3480 774 3544 die
793 3479 898 3544 ratio'.
925 3479 1007 3543 sau
1025 3476 1141 3542 desseu
1160 3476 1245 3540 steht
1264 3475 1319 3538 da:

192 3583 361 3648 ‘withrend
381 3602 414 3647 es
432 3584 586 3666 richtiger
601 3589 695 3666 wtire,
719 3583 779 3647 dass
799 3603 873 3646 man
894 3581 946 3646 die
964 3581 1045 3645 ratio
1069 3581 1123 3644 fiir
1146 3579 1198 3643 die
1222 3578 1321 3644 littere

193 3687 316 3753 hielte’.
349 3687 416 3751 Dus
444 3689 488 3752 ist
515 3688 605 3752 nicht
632 3709 695 3752 nur
722 3707 826 3772 gegeu
855 3687 907 3751 die
930 3685 1040 3768 Legit,
1071 3684 1210 3748 scudem
1239 3683 1322 3747 auch

193 3791 338 3855 insolern
369 3791 669 3873 missversttiudlich,
705 3791 751 3855 als
785 3811 860 3853 man
889 3789 945 3852 dus
974 3788 1069 3852 Wort
1098 3786 1207 3851 ‘tilter'
1239 3786 1323 3850 doch

194 3894 277 3958 nach
307 3893 380 3958 dem
408 3894 704 3976 Vorhergehenden
735 3913 798 3957 nur
828 3913 864 3956 so
893 3891 1072 3956 ausdeuten
1101 3890 1230 3969 hbnnte,
1261 3887 1322 3953 dau

195 3997 248 4061 die
278 4000 360 4061 ratio
391 3997 457 4062 also
488 3997 607 4062 bereits
631 4017 690 4062 vor
720 3996 793 4062 dem
823 3997 1020 4080 principium
1049 3993 1239 4078 dagewesen
1266 3993 1322 4058 sei.

195 4098 271 4163 Und
300 4099 356 4163 das
386 4105 470 4164 wilre
496 4101 549 4164 cin
573 4101 711 4182 Uusinn,
740 4100 779 4164 da
802 4099 997 4182 principium
1020 4099 1064 4161 im
1087 4096 1324 4180 vorhergeheu-

196 4199 259 4266 den
283 4203 374 4267 nicht
402 4201 464 4266 den
493 4201 597 4267 durch
625 4202 677 4266 die
701 4201 971 4284 Woltsehbpfuug
997 4204 1161 4283 gesetzteu
1184 4197 1324 4282 hirsaug,

197 4305 337 4370 sondern
369 4305 432 4368 den
455 4305 623 4389 Uraniaug
653 4306 709 4369 des
733 4305 826 4369 Seius
857 4303 1038 4386 iiberhaupt
1067 4303 1142 4384 (von
1165 4301 1325 4385 Ewigkeit
