3178 4918
382 395 446 457 222
807 400 925 456 Victor
944 399 1088 466 Coulon,

385 571 504 637 Mnem.
520 573 600 637 Nor.
617 572 683 638 Ser.
700 571 809 656 XXX,
836 574 931 654 1902,
955 593 984 656 p.
1000 573 1065 636 409
1095 571 1237 655 exponit,
1265 569 1433 653 quomodo
1464 591 1524 648 κρι-

383 679 538 754 βανωτῶν
561 695 618 759 pro
635 681 819 755 κριβανιτῶν
837 679 944 739 ortum
963 676 1024 756 sit),
1040 696 1069 739 v.
1088 677 1151 739 765
1173 677 1222 740 sic
1245 673 1446 739 scribendus
1463 681 1523 736 est:

382 779 546 854 εὐαγγέλιά
570 800 603 843 (ε
627 784 813 859 κριβανιτκῦν
839 779 981 862 ὁρμαθῷ.

473 881 510 944 ln
536 881 677 946 Avium
694 902 721 945 ν.
740 883 781 945 66
805 884 854 946 καὶ
879 884 941 959 μὴν
965 881 1043 960 ἐροῦ
1066 882 1106 945 τά
1122 883 1203 960 πρὸ(
1218 884 1341 962 ποδῶν,
1357 879 1451 964 quod
1469 899 1523 942 er-

383 984 523 1067 plicatur
553 984 757 1048 adnotatione
787 984 884 1048 scbol.
915 987 995 1059 λέγει
1023 987 1058 1048 δὲ
1082 985 1126 1049 ὼε
1157 985 1221 1048 ὑπὸ
1244 987 1304 1048 τοῦ
1329 985 1429 1047 δέου(
1454 984 1523 1046 ἐνα-

384 1091 510 1169 φεικώε,
539 1092 627 1150 recte
655 1088 774 1171 legitur
802 1088 836 1150 in
865 1086 933 1150 RV.
968 1086 1006 1150 In
1031 1087 1129 1152 schol.
1144 1087 1176 1149 V
1192 1086 1264 1152 Ald.
1289 1087 1370 1150 baec
1397 1085 1525 1148 inveni-

382 1192 496 1253 untur:
524 1190 677 1269 γράφεται
701 1193 751 1253 καὶ
775 1191 837 1269 μὴν
860 1189 964 1269 ἐρώτα
986 1190 1067 1268 πρὸε
1091 1193 1214 1271 ποδῶν,
1243 1189 1290 1253 ὅτι
1314 1191 1521 1269 εαφέετερον.

382 1295 431 1357 καί
454 1293 533 1371 τάχα
557 1292 596 1356 ἂν
621 1293 665 1371 εἴη
690 1295 768 1356 κατὰ
791 1296 848 1372 τὴν
872 1293 1009 1356 παλαιὰν
1033 1294 1181 1371 εημαείαν
1197 1293 1422 1370 γεγραμμένον
1441 1292 1479 1353 τὸ
1496 1291 1523 1352 έ-

385 1415 444 1472 ρου
475 1396 548 1478 ἔρω,
577 1397 753 1475 μετελήφθη
783 1398 944 1478 ((ημαείαν
967 1397 1003 1458 τὸ
1029 1395 1101 1474 έρεο
1125 1396 1213 1475 ἔρου,
1239 1397 1413 1474 μετεβλήθη
1439 1391 1521 1467 Md.)

383 1501 420 1562 bt
443 1498 485 1563 εἰ(
507 1501 544 1562 τὸ
569 1500 605 1562 ὠ.
629 1499 664 1563 έν
686 1519 740 1564 uu
764 1502 800 1562 δέ
823 1500 995 1578 γράφεται·
1020 1500 1069 1562 καὶ
1094 1502 1155 1576 μὴν
1179 1500 1283 1575 ἐρώτα
1305 1500 1390 1576 πρὸ(
1417 1499 1521 1560 τίνων.

383 1604 402 1680 ἢ
426 1605 475 1666 καὶ
499 1600 603 1666 οὓτω·
628 1605 677 1666 καὶ
699 1606 759 1681 μὴν
784 1602 888 1682 ἐρώτα
911 1605 993 1680 πρὸ(
1016 1605 1127 1666 ποίων.
1155 1601 1204 1666 De
1228 1601 1289 1665 hac
1313 1600 1520 1664 adnotatione

385 1703 576 1769 Dindoriius
604 1705 701 1788 (apud
729 1705 853 1770 Duebn.
874 1726 902 1788 p.
925 1707 965 1768 47
972 1707 1002 1786 9)
1032 1706 1081 1770 sic
1110 1705 1281 1769 iudicavit:
1316 1704 1417 1768 “Hoc
1446 1702 1522 1764 dicit

385 1807 563 1890 scholiasta,
589 1809 666 1872 ΕΡΟ
683 1828 771 1872 more
790 1809 923 1890 antiquo
940 1809 1096 1891 scriptum
1113 1807 1301 1890 ambiguum
1321 1827 1397 1871 esse
1414 1814 1519 1870 utrum

387 1931 463 1988 ερου
492 1931 531 1974 an
561 1932 625 1989 ερω
657 1912 834 1995 significet:
863 1909 951 1974 unde
980 1911 1112 1993 iactum,
1142 1917 1180 1974 ut
1206 1911 1260 1974 alii
1290 1913 1368 1991 ἐροῦ
1395 1912 1445 1992 τά,
1469 1909 1519 1972 alii

383 2013 489 2091 ἐρώτα
504 2013 680 2096 legerent''.
698 2015 883 2098 scripturae
900 2019 1008 2078 autem
1031 2018 1113 2092 πρὸ(
1132 2017 1229 2079 τίνων
1254 2021 1286 2078 et
1308 2015 1393 2093 πρὸ(
1418 2015 1517 2076 ποίων

386 2114 473 2178 haud
498 2115 596 2181 dubie
624 2118 731 2181 stultis
755 2116 985 2200 interpretibus
1010 2115 1178 2199 debentur,
1207 2119 1262 2199 qui
1287 2137 1361 2180 cum
1390 2116 1519 2180 obscoe-

385 2237 465 2281 num
480 2217 561 2283 illud
576 2221 615 2283 τά
631 2223 712 2298 πρὸ(
730 2224 842 2284 ποδῶν
859 2240 923 2282 non
940 2219 1175 2303 intellegerent,
1196 2221 1300 2299 ἐρώτα
1316 2222 1401 2299 πρὸ(
1419 2222 1517 2282 ποίων

384 2321 598 2404 scripserunt,
625 2322 703 2387 baec
728 2323 825 2386 verba
857 2323 997 2406 denique
1021 2325 1055 2386 in
1084 2323 1188 2403 ἐρώτα
1215 2327 1298 2404 πρὸ(
1325 2327 1425 2389 τίνων
1452 2341 1516 2385 mu-

384 2429 449 2488 tato
471 2432 555 2489 sunt.

475 2528 629 2594 Similiter
651 2531 686 2591 in
711 2548 771 2593 ves.
789 2530 965 2593 204-205
992 2533 1150 2607 καλοῦμεν
1175 2531 1306 2594 αὐτοθε·
1338 2531 1368 2594 οἱ
1394 2532 1431 2594 δὲ
1454 2532 1515 2608 νῷν

384 2634 443 2694 τοῦ
475 2634 658 2710 φθέγματος
679 2631 683 2715 l
704 2631 821 2710 ἐάνπερ
853 2633 1061 2712 ἐπακούεωει,
1092 2632 1255 2696 θεύεονται
1286 2633 1401 2717 δρόμῳ
1432 2630 1513 2692 varia

384 2731 480 2796 lectio
497 2733 594 2797 schol.
610 2734 638 2798 R
659 2737 780 2812 καλοῑμι
797 2735 835 2800 ἂν
853 2735 968 2799 αὐτοῦ(
991 2735 1066 2799 inde
1091 2738 1161 2798 orta
1176 2738 1233 2816 est,
1258 2735 1345 2818 quod
1361 2751 1512 2818 gramma-

383 2835 467 2898 ticus
490 2838 600 2899 nescio
625 2838 706 2919 quie,
730 2839 784 2900 cui
808 2837 979 2902 offensioni
1004 2843 1072 2902 erat
1095 2838 1227 2921 pluralis
1251 2841 1421 2916 καλοῦμεν,
1445 2853 1510 2899 cum

386 2938 484 3016 ἐμβὰς
514 2943 546 3002 et
576 2939 737 3018 άνεγείραε
766 2941 996 3024 praecederent
1024 2943 1059 3004 in
1091 2961 1151 3005 uss.
1175 2943 1248 3022 202,
1272 2942 1351 3022 203,
1382 2941 1509 3004 formam

384 3041 579 3124 singularem
603 3042 803 3106 scribendam
820 3061 891 3106 esse
915 3044 1061 3106 coniecit
1091 3042 1204 3125 Neque
1221 3061 1297 3106 vero
1322 3061 1399 3106 curn
1422 3043 1511 3104 inter-

384 3151 474 3227 prete
504 3144 558 3208 illo
589 3145 774 3209 iaciendum
804 3146 896 3209 nobis
928 3151 984 3228 est,
1016 3166 1089 3210 cum
1120 3149 1280 3224 καλοῦμεν
1311 3167 1329 3208 a
1359 3142 1509 3210 sententia

383 3248 481 3312 huius
497 3248 560 3312 loci
576 3248 717 3312 alienum
738 3269 803 3313 non
823 3251 872 3312 sit.
900 3250 999 3314 Recte
1016 3249 1103 3313 enim
1118 3249 1261 3313 Koclrius
1276 3249 1336 3330 (ed.
1353 3248 1403 3312 ΙΙΙ
1422 3246 1509 3318 1894)

384 3351 425 3414 od
449 3351 519 3415 bv.
536 3351 776 3416 animadvertit:
802 3351 890 3416 “Der
908 3353 1017 3416 Plural
1042 3357 1121 3416 trotz
1145 3352 1242 3431 έμβάε
1264 3351 1332 3415 und
1356 3351 1508 3426 ἀνεγείρει(

384 3453 456 3517 weil
480 3475 515 3518 er
538 3454 607 3518 dies
623 3454 728 3538 allein,
752 3456 808 3518 das
824 3456 931 3519 Ruien
956 3456 1013 3520 der
1024 3455 1127 3538 ngel
1146 3454 1223 3518 aber
1238 3455 1298 3516 mit
1313 3453 1372 3518 der
1387 3448 1507 3516 Nacbti-

384 3557 448 3638 gall
471 3557 647 3621 austiibren
663 3557 736 3620 will.
760 3557 869 3622 Daher
883 3564 952 3640 νῷν
966 3562 1025 3622 τοῦ
1042 3558 1119 3638 φθ.”
1148 3557 1353 3621 Constructio
1377 3557 1431 3619 illa
1445 3551 1506 3635 qui·

385 3660 457 3722 dem
474 3660 570 3738 έμβά(
582 3697 625 3707 -
638 3660 730 3724 ἔπειτ’
742 3661 904 3740 ἀνεγείρας
915 3697 960 3706 -
973 3664 1134 3738 καλοῦμεν
1151 3661 1275 3742 αὐτούς,
1295 3679 1378 3742 quae
1396 3654 1505 3723 scholio

384 3764 550 3827 testeiam
575 3764 717 3844 antiquis
741 3763 971 3846 interpretibus
994 3763 1142 3827 notabilis
1166 3762 1344 3844 videbatur,
1372 3763 1504 3827 contorta

386 3869 442 3948 est,
471 3865 528 3930 sed
556 3865 715 3948 exemplis
743 3886 761 3928 a
785 3865 907 3929 Kookio
937 3871 969 3930 et
994 3865 1166 3947 Blaydesio
1194 3865 1234 3928 ad
1262 3866 1293 3928 h.
1311 3885 1339 3928 v.
1357 3859 1504 3948 congestis

385 3969 617 4052 quadamtenus
641 3969 833 4034 detenditur.
862 3970 1053 4034 Plenissime
1076 3991 1152 4034 sane
1176 3971 1322 4035 redditur·
1345 3971 1502 4033 verborum

384 4079 546 4140 structura
568 4076 755 4140 Leeuwenii
783 4077 929 4160 speciosa
956 4077 1143 4140 coniectura
1171 4077 1333 4154 ἀνεγείρας
1355 4079 1414 4153 τήν
1436 4072 1502 4150 ἐμάν

384 4178 507 4257 ἀηδόνα
527 4177 532 4264 Ι
554 4182 652 4242 καλῶ
678 4179 754 4258 μετ’
774 4180 888 4256 αὐτῆς
911 4180 946 4242 in
969 4179 1087 4243 Μαρια.
1105 4179 1185 4243 Νοτ.
1202 4179 1267 4243 Ser.
1285 4177 1394 4261 XXX,
1421 4173 1501 4242 1902,

384 4301 412 4364 p.
431 4283 481 4345 68.
