3354 4930
187 424 373 493 Quaestiones
386 423 593 478 Tertullianeae
606 423 643 478 ad
655 423 758 478 librum
772 422 914 476 Adversus
927 422 1057 477 Praxean
1071 421 1251 491 pertinentes.
1295 415 1314 474 5

187 594 248 658 ἔετι
270 595 306 655 οὲ
328 592 462 668 ἄγγελος
482 592 655 670 νοήματος.
689 590 774 653 Κατὰ
792 592 891 653 τοῦτο
914 591 1022 652 δὲκαὶ
1044 591 1206 667 λαλητικοὶ
1228 590 1316 665 λεγό-

187 701 276 776 μεθα.
316 699 426 781 Magni
457 699 610 763 momenti
641 701 702 778 est,
734 695 820 780 quod
851 697 1000 779 sequenti
1027 696 1061 758 in
1090 697 1193 779 capite
1223 700 1315 778 (xxrr,

188 805 252 866 944
263 805 305 884 A)
323 804 477 886 scriptum
497 802 653 885 legimus:
673 796 714 859 ‘a
732 844 738 856 .
755 844 761 858 .
779 841 785 855 .
801 795 968 874 ἐνθύμηειε
983 845 989 858 .
1005 843 1012 858 .
1028 843 1034 856 .
1051 795 1168 871 ἑαυτὴν
1193 795 1316 874 peccvi-

186 921 266 965 εαεα
287 903 338 964 καὶ
359 900 555 979 ἀνακρίναεα
575 902 634 977 τὴν
656 901 764 978 ψυχὴν
784 900 865 977 πρὸ(
885 899 923 961 τὸ
945 899 1138 976 νοούμενον,
1161 898 1316 976 φμόνηειε

188 1003 387 1082 ὀνομάζεται.
413 1003 451 1066 Ἡ
475 1005 511 1066 δὲ
533 1003 688 1081 φρόνηειε
709 1003 925 1065 πλατυνθεῑεα
945 1003 1030 1062 ποιεῖ
1043 1001 1101 1062 τὸν
1124 1001 1316 1074 διαλογιε-

189 1109 272 1187 μόν,
298 1108 522 1171 ἐνδιάθετον
550 1106 667 1182 λόγον
690 1105 1000 1182 ὀνομαζόμενον·
1028 1103 1071 1167 ὃν
1094 1104 1317 1182 ὸμιζὸμενοί

189 1230 281 1289 poci
308 1210 444 1289 κίνημα
470 1211 593 1288 ψυχῆς
618 1207 880 1285 πληρὲετατον
906 1206 945 1269 ἐν
972 1212 1022 1290 τῷ
1050 1209 1316 1289 διαλογιετικῷ

187 1314 414 1390 γενόμενον,
429 1311 519 1375 ἄνευ
533 1313 639 1375 τινὸε
654 1311 923 1388 ἐκφωνήεεωε,
939 1309 971 1374 ἐξ
988 1308 1028 1372 οὗ
1044 1310 1101 1372 τὸν
1111 1309 1317 1388 προφορικὸν

189 1418 288 1492 λόγον
311 1418 389 1495 φαεὶ
409 1417 627 1494 προέρχεεθαι,
648 1415 706 1478 τὸν
728 1415 781 1478 διὰ
801 1417 943 1491 γλώεεηε
966 1415 1178 1492 λαλούμενον.

277 1525 344 1589 Iam
364 1525 465 1608 igitur
483 1523 523 1587 ad
539 1524 610 1606 ipsa
624 1523 810 1588 Tertulliani
827 1522 926 1586 verba
942 1521 1144 1606 explananda
1160 1525 1192 1584 et
1211 1541 1318 1585 emen-

191 1627 294 1692 danda
310 1627 509 1692 accedamus.
529 1626 640 1691 Liceat
655 1629 757 1690 totum
771 1630 874 1710 caput,
891 1629 928 1690 ut
943 1647 961 1689 a
976 1625 1183 1709 Kroymanuo
1197 1625 1318 1689 editum

191 1733 246 1812 est,
270 1731 305 1794 in
325 1729 466 1794 medium
485 1729 627 1813 proferre
647 1730 783 1811 (232128
800 1728 848 1792 Kr
864 1727 911 1792 ed.
924 1729 996 1791 mai.
1014 1766 1055 1774 -
1075 1724 1130 1794 611
1149 1727 1197 1791 ed.
1214 1727 1317 1808 mint:

279 1830 1319 1916 Sedquiaduosunumroluntesse,utidempateretiiliushabea-

191 1939 251 2014 tur,
268 1943 394 2020 oportet
410 1942 442 1999 et
458 1938 560 1999 totum
577 1935 617 1999 de
629 1935 698 1998 filio
712 1935 897 2015 examinari,
915 1954 956 1997 an
968 1935 1010 1996 sit
1022 1937 1054 1997 et
1070 1934 1196 2016 (23311)
1210 1934 1266 2015 qui
1279 1935 1321 1996 sit

191 2045 223 2102 et
237 2037 396 2121 quomodo
413 2039 462 2121 sit,
480 2040 512 2102 et
526 2039 571 2102 ita
586 2057 638 2102 res
652 2039 723 2122 ipsa
733 2038 867 2102 formam
881 2057 972 2101 suam
984 2037 1162 2120 scripturis,
1179 2040 1211 2100 et
1222 2037 1320 2101 inter-

192 2141 423 2225 pretationibus
436 2161 544 2205 earum
558 2142 823 2224 patrocinantem,
839 2139 1026 2204 vindicabit.
1043 2141 1135 2203 aiunt
1146 2138 1275 2220 quidam
1290 2142 1322 2203 et

192 2245 344 2310 Genesim
363 2247 395 2309 in
416 2245 577 2310 Hebraico
597 2245 640 2308 ita
660 2245 819 2328 incipere:
844 2245 882 2306 in
902 2244 1096 2327 principio
1116 2243 1209 2306 deus
1227 2242 1322 2305 iecit
1362 2257 1376 2300 a

191 2348 265 2412 sibi
288 2350 425 2412 filium.
461 2349 523 2412 hoc
545 2349 583 2412 ut
605 2348 735 2411 firmum
760 2347 895 2429 nonsit,
918 2349 962 2428 (5)
982 2345 1045 2409 alia
1063 2364 1114 2409 me
1133 2347 1321 2428 argumenta

192 2451 357 2517 deducunt
376 2453 416 2516 de
435 2453 504 2536 ipse
520 2450 572 2515 dei
589 2449 806 2533 dispositione,
826 2469 889 2531 qua
904 2449 968 2512 fuit
983 2455 1057 2513 ante
1074 2447 1186 2511 mundi
1203 2448 1321 2511 consti-

192 2555 348 2619 tutionem
369 2554 409 2618 ad
430 2573 530 2636 usque
549 2553 611 2616 filii
632 2555 878 2635 generationem.
908 2556 982 2616 ante
1002 2553 1108 2616 omnia
1134 2552 1219 2615 enim
1241 2550 1320 2614 deus

194 2661 261 2722 erat
279 2659 375 2739 solus,
394 2657 464 2740 ipse
480 2657 540 2720 sibi
558 2660 590 2720 et
606 2656 747 2719 mundus
764 2659 796 2719 et
813 2656 903 2720 locus
920 2659 953 2719 et
968 2656 1083 2736 omnia,
1103 2653 1189 2718 solus
1206 2655 1321 2736 sutem,

193 2761 268 2842 quia
291 2761 372 2824 nihil
396 2759 484 2823 aliud
508 2760 711 2823 extrinsecus
734 2761 862 2841 praeter
884 2759 984 2822 illum.
1013 2765 1155 2822 ceterum
1178 2776 1219 2820 ne
1242 2759 1322 2819 tunc
1349 2771 1376 2816 ro

193 2863 322 2946 quidem
351 2863 455 2940 solus;
488 2861 624 2926 habebat
652 2863 739 2926 euim
767 2863 833 2943 (10)
862 2881 971 2925 secum
1000 2879 1096 2943 quam
1124 2859 1260 2922 habebat
1286 2858 1321 2920 in

192 2969 373 3050 semetipso,
401 2967 557 3030 rationem
582 2985 673 3029 suam
701 2965 832 3029 scilicet.
871 2964 1036 3028 rationalis
1065 2963 1149 3027 enim
1174 2961 1262 3044 dene,
1290 2963 1323 3025 et

192 3071 217 3150 Τ
232 3071 312 3134 ratio
328 3071 363 3132 in
379 3070 484 3153 ipsum
503 3071 593 3152 prius
610 3073 643 3132 et
660 3070 706 3132 ita
721 3068 760 3132 ab
777 3069 846 3152 ipso
864 3068 979 3132 omnia.
1009 3087 1091 3150 quae
1107 3066 1188 3130 ratio
1208 3083 1321 3129 sensus

192 3173 294 3257 ipsius
323 3176 383 3254 est,
413 3173 495 3236 hanc
524 3171 639 3235 Graeci
668 3173 770 3247 λόγον
798 3171 922 3251 dicunt,
951 3191 1013 3254 quo
1042 3169 1196 3234 vocabulo
1226 3170 1321 3232 etiam

192 3295 373 3341 sermonem
392 3275 599 3360 appellamus,
621 3274 759 3356 ideoque
778 3275 841 3338 iam
860 3275 894 3336 in
913 3293 978 3338 usu
996 3276 1046 3337 est
1063 3276 1246 3336 nostrorum
1265 3289 1323 3354 per
1350 3288 1376 3333 15

193 3379 430 3462 simplicitatem
458 3379 731 3460 interpretationis
759 3379 826 3460 (15)
850 3397 1031 3441 sermonem
1059 3375 1167 3440 dicere
1195 3374 1230 3436 in
1257 3373 1322 3456 pri-

193 3481 317 3546 mordio
348 3481 433 3565 apud
465 3481 560 3545 deum
591 3480 701 3562 inisse,
734 3501 808 3545 cum
837 3480 937 3564 magis
967 3480 1123 3543 rationem
1155 3479 1321 3561 competat,

283 3688 297 3741 1
319 3703 382 3742 esse
394 3687 492 3742 volunt
506 3688 539 3754 F;
563 3689 580 3740 2
599 3689 710 3756 oportet
724 3686 754 3740 in
769 3689 858 3740 toturn
871 3702 946 3753 susp.
963 3683 1021 3752 Kr;
1047 3684 1065 3738 3
1084 3683 1146 3752 ipsa
1165 3699 1210 3738 res
1229 3683 1250 3736 P
1269 3683 1322 3751 (in-

194 3780 274 3830 vertit
287 3777 411 3830 malim
428 3777 473 3844 R);
504 3775 523 3830 4
539 3775 765 3846 patrocinantem
778 3775 834 3829 Kr:
849 3773 1092 3844 patrocinantibus
1105 3773 1188 3838 PMF5
1208 3771 1322 3842 quidam

195 3866 371 3920 ciacconius:
392 3866 505 3936 quidem
525 3865 608 3934 PMF3
645 3866 847 3935 bargumenta
859 3880 903 3918 me
917 3865 950 3930 F;
988 3863 1322 3930 7deduount=doeent‚

193 3963 225 4010 ut
236 3957 366 4010 deducor
379 3955 479 4025 (mata)
492 3980 525 4002 =
538 3958 644 4024 doctor;
665 3955 700 4010 de
713 3955 770 4008 Kr:
789 3955 825 4009 ab
838 3955 924 4020 PMF3
957 3953 991 4008 10
1004 3953 1081 4008 aliud
1094 3969 1144 4006 om.
1158 3953 1193 4020 P;
1225 3951 1259 4005 12
1278 3968 1323 4006 ra·

193 4047 308 4112 tionem,
327 4061 408 4101 suam
427 4045 536 4101 scilicet
557 4045 703 4112 Θύμηνα,
741 4045 775 4098 13
794 4044 885 4114 ipsum
904 4044 953 4098 MP
972 4043 1053 4114 (corr.
1074 4049 1092 4097 u
1111 4045 1143 4095 in
1161 4059 1178 4096 ο
1197 4041 1241 4111 R),
1260 4040 1323 4111 ipso

194 4135 239 4190 ΕΒ
257 4137 352 4204 aulem
373 4140 400 4190 et
413 4135 486 4190 ratio
499 4135 529 4190 in
541 4135 633 4205 ipsum
646 4134 755 4206 <ipso>
768 4133 845 4204 prius
863 4133 944 4189 etita
957 4134 992 4188 ab
1005 4133 1068 4202 ipso
1087 4132 1156 4188 alis
1174 4147 1249 4200 recep,
1262 4131 1322 4197 Kr,

194 4225 230 4281 14
248 4230 299 4280 est.
312 4227 388 4282 hene
399 4226 496 4294 erdem
535 4226 568 4280 17
582 4227 618 4278 ad
631 4228 773 4294 competat
786 4225 851 4278 adn.
864 4223 923 4278 Kr:
942 4224 1001 4278 scil.
1015 4221 1110 4277 dicere
1127 4222 1158 4276 in
1170 4220 1322 4290 primordio

195 4315 270 4386 apud
295 4315 378 4370 deum
397 4315 499 4383 tuisse;
