2940 4792
167 108 557 178 Sprachl.Untersuchungen
574 124 609 162 zu
628 107 820 177 Theophreste
839 107 935 162 boten.
951 106 1100 162 Schriften.
1149 100 1193 164 31

37 285 350 364 gegensetzungen,
374 278 442 343 und
465 278 517 343 bei
539 279 701 363 logischer
719 278 1054 363 Gegeniiberstellung
1076 280 1198 343 zweier

39 380 200 447 Glieder.

148 487 375 553 Kolonende
399 488 443 550 ist
463 488 734 568 enzunehmen¹):
759 487 830 565 περὶ
849 490 884 552 δέ
903 490 960 565 τὴν
978 488 1117 566 Περείδα
1135 490 1198 566 τήν

38 593 139 657 κατὰ
156 594 215 670 τὴν
237 592 424 672 Καρμανίαν,
448 590 517 654 καθ’
534 590 553 654 ὃ
572 591 591 668 ἡ
610 591 786 668 πλημμυρὶς
806 591 950 672 γίγνεται,
972 592 1090 668 δένδρα
1114 590 1193 655 έετὶν

37 696 213 774 εὐμεγέθη
224 697 228 783 λ
238 696 334 774 όμοια
344 701 382 778 τῇ
394 694 555 778 ἄνδράχλῃ
566 695 661 776 καὶτῇ
673 702 781 777 μορφῇ
795 695 844 757 καὶ
851 698 915 760 τοῑε
926 696 1056 773 φῦλλοιε
1064 694 1109 757 IV
1119 697 1148 777 7,
1157 697 1197 776 5·,

40 802 105 862 καὶ
126 799 199 876 περὶ
214 802 272 877 τήν
289 797 386 863 Ἀτίαν
402 796 441 861 οῦ
456 798 571 877 πόρρω
590 797 742 876 Βάκτρων
759 798 792 861 ἐν
810 799 867 874 μέν
882 819 939 863 τινι
954 798 1045 881 τόπῳ
1064 795 1068 885 Ι
1086 797 1196 863 οῦτωε

42 900 162 979 ἁδρὸν
188 897 265 966 εἷναί
289 921 363 980 φατι
382 900 461 964 VIII
477 903 508 981 4,
525 903 554 964 5.

150 1001 220 1066 Ver
235 1002 293 1067 der
304 1003 495 1086 Apposition
517 1001 621 1066 haben
633 1004 693 1065 wir
709 1001 895 1066 Sinneshiat
910 1002 956 1066 IV
970 1004 1019 1084 14,
1033 1005 1052 1067 9
1074 1004 1195 1082 κάμπαι

46 1108 279 1187 κατεεθίουειν,
303 1105 333 1170 αἱ
357 1109 414 1183 μὲν
437 1108 476 1169 τά
499 1107 604 1185 φύλλα
627 1105 657 1168 αἱ
680 1106 778 1169 δὲτὰ
801 1105 891 1187 ἄνθη,
911 1107 1013 1183 ἕτεραι
1032 1113 1077 1190 τῷ
1102 1109 1197 1190 γένει,

51 1209 107 1271 καὶ
121 1212 251 1286 ψιλοῦει
261 1212 300 1272 τὰ
313 1211 445 1287 δένδρα;
458 1226 566 1290 geneu
578 1206 720 1271 dieselbe
732 1206 829 1272 Stelle
842 1207 946 1272 haben
957 1209 1017 1273 wir
1027 1209 1099 1273 (LV
1110 1211 1196 1291 10,3

54 1313 177 1390 κάμπαι
195 1312 362 1388 γενόμεναι
381 1311 592 1374 κατεεθίουειν
612 1309 642 1373 αἱ
665 1313 723 1388 μὲν
740 1311 779 1373 τὰ
799 1310 913 1392 φύλλα,
934 1312 964 1375 αἱ
984 1315 1019 1376 δέ
1042 1313 1083 1376 τά
1102 1312 1196 1394 ἄνθη,

57 1414 163 1491 ἕτεραι
186 1419 231 1497 τῷ
255 1415 345 1488 γένει.
378 1413 460 1477 Hier
482 1412 538 1475 hat
562 1412 720 1476 Wimmer
746 1412 802 1475 fiir
824 1413 877 1476 ein
905 1413 1067 1479 zwischen
1092 1416 1193 1493 ἕτεραι

59 1515 126 1578 und
150 1522 197 1599 τῷ
217 1518 300 1592 γένει
322 1516 357 1578 in
381 1514 439 1579 der
458 1502 708 1598 Uberlieferung
731 1515 802 1579 sich
825 1515 996 1581 findendee
1018 1518 1100 1595 πρὸε
1124 1516 1196 1581 ein-

58 1621 183 1701 gesetzt
207 1619 313 1695 οὔτως
345 1617 517 1683 eicherlieh
549 1617 662 1699 selech,
694 1617 780 1681 denn
812 1619 995 1702 abgesehen
1018 1639 1082 1683 von
1118 1619 1191 1683 dem

59 1722 227 1786 sehweren
250 1721 330 1784 Hiet
352 1721 476 1804 sprieht
499 1720 551 1785 die
574 1741 699 1806 geneue
719 1721 875 1788 Perellele
898 1743 940 1786 zu
962 1724 1010 1788 IV
1028 1725 1078 1806 14,
1096 1727 1115 1788 9
1140 1724 1200 1788 de-

59 1847 177 1911 gegeu3
202 1829 284 1907 πρὸ(
309 1847 382 1911 mag
410 1847 468 1891 eus
493 1828 566 1892 dem
593 1827 769 1911 folgenden
794 1831 901 1907 βοηθεῖ
923 1829 960 1889 δέ
982 1828 1065 1905 πρόε
1090 1826 1193 1891 durch

59 1929 300 1994 Schreibfehler
330 1930 635 2014 hereufgekemmen
667 1933 745 1996 sein.
775 1969 818 1978 -
847 1930 1026 1996 Sicherlich
1057 1931 1100 1994 iet
1130 1929 1198 1993 Ko-

59 2033 213 2115 lonende,
245 2033 371 2097 obwohl
400 2054 475 2098 men
505 2035 589 2099 euch
623 2035 739 2098 hiatlos
769 2035 859 2099 lesen
889 2034 1023 2115 λόαιιέο,
1050 2033 1100 2097 IX
1123 2034 1193 2115 6,1

59 2140 183 2214 καρπὸν
209 2139 244 2200 δέ
267 2138 449 2215 παρόμοιον
472 2145 509 2220 τῇ
532 2141 689 2222 τερμίνθιμ
709 2140 758 2202 καὶ
782 2138 903 2216 μεγέθει
922 2138 973 2201 καὶ
992 2138 1122 2216 εχήματι
1146 2138 1196 2200 καὶ

58 2241 201 2319 χρώματι
221 2235 227 2324 Ι
248 2238 353 2316 εὐώδη
378 2239 507 2317 εφόδρα
531 2242 580 2304 καὶ
603 2243 719 2305 τοῦτον
743 2240 793 2304 καὶ
817 2244 941 2319 μᾶλλον
964 2242 1022 2303 τοῦ
1044 2241 1198 2317 δακρύου,

60 2329 272 2422 Uber19‚5
297 2341 509 2422 und112‚2
534 2342 607 2406 s.S.
633 2343 684 2406 20.

149 2444 265 2510 Hiete
288 2465 356 2508 vor
373 2444 809 2527 Entgegensetzungen:
835 2447 1021 2523 διαφέροντι
1044 2447 1081 2508 δὲ
1105 2443 1200 2522 ἀλλή·

60 2553 139 2629 λων,
158 2548 264 2612 καθ’έὶ
283 2548 301 2611 δ
327 2551 384 2627 μέν
404 2548 504 2626 ἄρρην
523 2545 622 2611 ἄνθοε
648 2548 738 2626 φέρει
761 2545 795 2609 Π
812 2547 840 2628 6,
859 2547 893 2625 63
918 2544 996 2610 ἄλλα
1016 2546 1045 2610 δ’
1062 2547 1096 2610 ἐν
1115 2547 1196 2630 αὐτῇ

58 2658 96 2734 τῇ
115 2653 253 2734 θαλάττῃ
272 2652 457 2731 πεφυκέναι,
477 2649 635 2729 ἄείφυλλα
659 2653 715 2728 μέν
734 2650 825 2733 1117,
842 2653 876 2731 53
900 2652 974 2715 τότε
992 2654 1053 2730 γάρ
1075 2654 1195 2728 μᾶλλον

59 2755 79 2832 ἡ
95 2753 225 2834 ἁλμυρὶε
241 2754 401 2833 ἐργάζεται
417 2755 467 2818 καὶ
483 2758 588 2833 κρατεῖ
600 2754 677 2830 αὐτὴ
692 2757 747 2832 μὲν
761 2754 841 2819 οῦεα
857 2755 978 2818 πλείων
992 2752 1024 2817 C.
1036 2753 1088 2817 VI.
1102 2755 1152 2835 10,
1166 2756 1199 2816 9.

150 2856 266 2921 Hiate
293 2855 356 2921 bei
384 2854 587 2941 logisehen
616 2853 1090 2938 Gegeniiberstellungen:
1116 2853 1134 2917 ὁ
1159 2858 1196 2920 δέ

59 2965 114 3039 τῆ(
135 2961 275 3037 ἀμπέλου
294 2962 348 3041 (se.
367 2958 493 3039 φλοιὸτ)
512 2958 544 3022 ἐξ
556 2957 658 3033 ὑγροῦ
676 2955 726 3019 καὶ
742 2956 826 3020 ἰνόε·
847 2957 915 3020 δδὲ
933 2960 991 3020 τοῦ
1010 2960 1195 3035 φελλοῦ-

62 3064 95 3126 ἐκ
123 3065 239 3142 εαρκὸε
267 3063 318 3125 καὶ
346 3064 446 3141 ὑγροῦ
471 3062 533 3143 12,
551 3065 588 3139 73
613 3081 648 3124 so
674 3060 755 3124 wird
788 3082 862 3126 men
890 3062 973 3125 aueh
1004 3082 1045 3124 en
1074 3062 1197 3127 Stellen

61 3169 121 3232 wie
144 3170 184 3232 τὰ
208 3170 264 3245 μέν
282 3168 387 3232 πυκνὰ
408 3169 412 3248 Ι
434 3165 534 3232 ἄνοζα
558 3169 606 3230 καὶ
630 3165 721 3246 ὀρθὰ,
745 3167 783 3229 τὰ
807 3168 843 3228 δέ
867 3167 950 3242 μανὰ
970 3164 975 3248 Ι
996 3165 1199 3243 όζωδέετερα

62 3274 110 3336 καὶ
142 3270 334 3348 εκωλιότερα
366 3270 436 3352 Ι8,
463 3270 482 3332 2
514 3269 610 3332 keine
644 3267 769 3331 Elision
801 3267 999 3346 annehmen3
1033 3269 1066 3332 ἐξ
1099 3268 1194 3331 ἐλάαε

63 3373 189 3437 κότινον
219 3373 269 3435 καὶ
293 3372 325 3435 ἐξ
349 3374 494 3448 κοτίνου;
518 3370 616 3434 ἐλάαν
636 3370 715 3450 113,
735 3372 767 3446 1;
791 3372 917 3434 τούτων
941 3370 1101 3449 ὀρθότερα
1118 3371 1199 3447 -ἡ

65 3476 152 3557 ἰδαία,
181 3477 200 3552 ἡ
229 3474 258 3538 δ’
279 3475 371 3554 ἑτέρα
396 3473 402 3561 Ι
430 3474 469 3539 οὔ
498 3474 656 3556 1Π9,1;
685 3474 747 3538 έετι
775 3473 853 3550 δέὴ
883 3476 940 3551 μὲν
964 3473 997 3536 ἐν
1021 3476 1086 3537 τοῑε
1111 3470 1195 3549 ἄρεει

65 3581 207 3659 φυομένη
233 3579 238 3662 Ι
263 3577 396 3657 εὔχρουε
428 3581 478 3642 καὶ
507 3580 573 3642 λεία
602 3580 651 3641 καὶ
682 3577 789 3654 στερεά
813 3578 863 3639 καὶ
894 3576 1030 3657 γλὶεχρα,
1061 3576 1079 3653 ἡ
1110 3573 1140 3638 δ’
1160 3575 1199 3637 ἐν

65 3685 160 3764 πεδίῳ
182 3679 187 3764 Ι
208 3681 327 3760 ἄχρουε
350 3701 428 3746 new,
451 3681 570 3760 11111,
592 3683 626 3757 5;
650 3681 725 3744 τοῦ(
755 3678 853 3743 όζοὺε
877 3680 912 3741 δέ
940 3679 1094 3757 ευμβαίνει
1117 3679 1197 3741 τοῦτ

66 3787 119 3861 μέν
135 3786 222 3849 κάτω
237 3781 241 3873 1
256 3785 302 3848 ἄεὶ
322 3784 602 3866 ἄπόλλυεθαι,τοῦε
618 3783 648 3847 δ’
662 3782 729 3847 ἄνω
745 3778 748 3868 1
763 3780 866 3848 αὔξειν
877 3781 928 3845 ΠΙ
942 3782 992 3863 13,
1003 3783 1038 3858 2;
1052 3781 1199 3845 κάτωθεν

66 3886 126 3952 άπὸ
141 3891 199 3965 τῆ(
216 3887 300 3966 ῥίῑηε
317 3888 445 3968 μεγάλα,
461 3888 501 3950 τά
517 3890 553 3951 δέ
573 3886 641 3950 ἄνω
663 3885 667 3970 1
688 3887 735 3951 άεὶ
751 3886 872 3950 ἐλάττω
888 3888 1053 3964 προιαῦειν
1064 3884 1148 3963 1v9‚
1160 3884 1198 3956 13

153 4031 174 4095 1λ
196 4028 288 4083 Damit
306 4028 495 4098 entschuldigt
514 4028 587 4083 auch
605 4027 705 4083 Keibel
725 4028 761 4098 (a.
775 4043 801 4081 a.
815 4026 846 4082 0.
866 4026 893 4081 S.
908 4026 953 4096 12)
972 4024 1062 4080 Hiate.
