3406 4786
148 299 297 368 Epistulae
311 299 467 355 amatoriae
480 299 621 370 quomodo
636 298 808 355 cohaereant
821 315 885 354 curn
899 299 996 369 elegiis
1006 299 1212 355 Alexandrinis.
1242 294 1285 358 33

147 472 238 534 mata
261 490 336 534 cum
356 472 422 534 vita
444 470 514 554 ipsa
533 471 770 551 cohaereant¹l3
795 471 904 554 itaque
923 469 1064 536 dubitari
1087 491 1153 536 non
1172 476 1285 556 potest,

149 559 233 656 quin
266 573 380 638 eadem
413 578 516 638 aetate
550 573 706 657 epistulae
735 593 864 657 quoque
901 575 1006 639 soluta
1038 576 1183 641 oratione
1213 596 1286 661 per·

149 677 290 759 scriptae
307 675 494 759 diligentius
510 676 685 760 perpolitae
701 682 796 760 atque
817 676 856 741 ad
876 677 1097 741 ostentandam
1117 681 1286 744 auctorum

150 780 385 843 humanitatem
418 777 522 844 editae
555 780 626 843 sint
669 779 859 844 Ciceronem
892 780 990 844 velim
1028 781 1194 865 respicias,
1230 784 1286 865 qui

149 881 301 947 Tironem
326 882 514 966 diligentius
536 883 659 947 litteras
687 882 903 966 expellentem
930 882 1044 948 irridet
1070 884 1121 966 (ci.
1150 884 1285 968 Epistul.

150 985 192 1048 ad
211 984 386 1049 familiares
405 984 487 1049 XVI
505 987 556 1067 17,
576 988 612 1049 l:
630 983 749 1067 'videa
768 985 847 1068 quid
866 1005 958 1070 agas3
980 989 1053 1050 tuas
1072 1006 1201 1070 quoque
1220 989 1286 1071 epi-

150 1087 254 1152 stulas
273 1089 323 1150 vis
343 1088 458 1152 referri
478 1089 512 1152 in
533 1088 733 1170 volumina’).
758 1087 822 1153 Sed
841 1094 999 1154 amatores
1019 1109 1148 1172 quoque
1169 1090 1285 1174 puellis

151 1188 239 1254 dona
268 1192 400 1255 mittunt
432 1190 650 1275 epistoliisqne
678 1194 933 1275 prosequuntur,
966 1191 1057 1256 velut
1078 1192 1219 1256 Rufinus
1250 1194 1286 1256 in

150 1293 251 1356 Anth.
275 1293 341 1357 Pal.
363 1293 392 1353 V
413 1296 465 1375 74,
493 1293 732 1358 Alexandrinos
755 1293 811 1359 ille
837 1296 949 1378 poetas
971 1295 1124 1377 imitatuS,
1152 1298 1208 1359 aut
1231 1295 1286 1359 ad-

151 1400 286 1462 ventum
309 1417 405 1461 suum
429 1396 582 1478 indicant,
607 1397 696 1462 velut
714 1396 861 1462 Catullus
884 1399 918 1461 in
942 1398 1085 1462 carmine
1107 1398 1286 1482 Ipsithillae

151 1501 250 1564 misso
274 1501 350 1581 (32),
380 1504 524 1564 autnon
549 1501 679 1566 venisse
707 1520 742 1565 se
765 1506 822 1565 aut
843 1501 1050 1566 festinantius
1078 1501 1184 1566 abisse
1208 1521 1284 1566 con·
1373 1485 1376 1499 ¹

152 1606 343 1686 queruntur,
359 1609 395 1667 ut
411 1603 553 1687 Sulpicia
568 1603 695 1686 (Tibulli
710 1602 758 1667 IV
774 1606 792 1668 7
805 1607 871 1687 sq).
896 1603 980 1681 Quid
998 1603 1123 1669 multa?
1139 1604 1214 1688 Ipsa
1229 1605 1285 1669 illa

152 1706 314 1790 Sulpiciae
330 1712 476 1789 poemata
491 1707 568 1771 satis
588 1705 762 1771 ostendunt
779 1706 835 1770 illa
854 1712 941 1772 certe
957 1710 1060 1771 aetate
1077 1707 1286 1790 epistularum

152 1809 384 1874 commercium
415 1809 601 1893 diligentius
631 1809 738 1874 excoli
769 1814 926 1893 coeptum.
961 1809 1150 1875 Necessario
1178 1811 1287 1875 autem

152 1912 265 1995 poesin
289 1911 485 1995 sequebatur
506 1912 611 1977 soluta
634 1912 743 1994 oratio,
766 1912 877 1976 rhetor
898 1915 1035 1996 poetam.

244 2019 415 2084 Breviores
443 2020 597 2104 epistulas
626 2021 798 2102 hucusque
825 2019 933 2103 tetigi3
965 2019 1158 2103 prolixiores
1189 2020 1286 2085 etiam

153 2124 301 2187 extitisse
329 2122 467 2207 spondet
490 2123 611 2205 Cicero,
640 2123 696 2206 qui
724 2121 766 2187 ad
789 2123 934 2187 Atticum
957 2121 1041 2186 XIII
1062 2124 1091 2204 6,
1112 2124 1133 2185 4
1156 2121 1287 2209 scribit:x

152 2225 360 2290 ‘Mummium
378 2226 480 2291 inisse
499 2226 539 2291 ad
556 2226 744 2291 Corinthum
764 2245 820 2310 pro
837 2228 924 2290 certo
942 2225 1051 2290 habeo.
1082 2226 1183 2310 Saepe
1199 2227 1287 2292 enim

153 2329 208 2394 hic
228 2328 374 2413 Spurius
391 2330 447 2413 qui
466 2348 571 2413 nuper
586 2328 733 2411 decessit,
752 2329 942 2412 epistulas
960 2328 1041 2392 mihi
1059 2329 1288 2413 pronuntiabat

152 2433 363 2498 versiculis
385 2433 526 2498 tacetis
549 2431 589 2496 ad
616 2431 784 2496 familiaris
807 2431 922 2495 missas
950 2452 969 2495 a
994 2431 1168 2496 Corintho’.
1199 2432 1286 2510 Quid

152 2535 310 2600 Mummio
338 2536 386 2599 illi
415 2554 531 2601 causae
553 2535 657 2600 titisse
684 2538 786 2619 putes,
811 2554 878 2617 cur,
906 2532 985 2617 quid
1008 2535 1070 2618 ipsi
1094 2534 1285 2601 Corinthum

151 2639 352 2722 oppugnanti
384 2637 567 2721 accidisset,
595 2637 743 2702 versibus
770 2640 928 2719 namaret,
957 2637 1020 2700 nisi
1047 2637 1169 2702 similes
1198 2637 1286 2722 apud

152 2742 294 2807 Graecos
306 2742 451 2807 extitisse
465 2742 619 2826 epistulas
631 2740 761 2807 credis?
778 2741 976 2805 Graecorum
987 2741 1087 2823 igitur
1099 2741 1284 2825 exemplum

152 2847 301 2928 sequitur
324 2845 478 2928 Catullus,
508 2847 535 2909 si
560 2845 714 2928 epistulas
742 2844 782 2908 ad
806 2843 1019 2908 Hortensium
1041 2845 1108 2927 (65)
1137 2853 1170 2908 et
1192 2844 1284 2909 Man-

151 2947 232 3012 lium
251 2949 343 3030 (oca)
362 2948 452 3012 datas
475 2948 622 3014 versibus
640 2946 786 3012 includit.
825 2947 940 3030 Neque
958 2966 1024 3011 non
1040 2946 1203 3029 Horatius,
1227 2948 1284 3030 qui

152 3052 234 3116 duos
250 3051 349 3115 libros
366 3051 576 3135 epistularum
592 3049 740 3114 versibus
757 3050 946 3133 composuit.
969 3049 1075 3115 Etiam
1090 3053 1204 3135 poetae
1220 3051 1284 3116 ele·

151 3155 236 3239 giaci
252 3156 389 3220 Romani
404 3156 438 3219 in
453 3155 599 3238 epistulis
612 3153 842 3238 componendis
854 3152 1067 3217 versabantur
1081 3172 1146 3216 non
1158 3171 1286 3237 semper

151 3258 270 3341 agnitis
294 3278 312 3321 a
331 3258 410 3322 viris
429 3257 540 3322 doctis.
579 3257 642 3322 Sed
660 3293 705 3304 -
723 3256 751 3320 si
771 3277 789 3320 a
807 3256 969 3340 proposito
988 3260 1097 3320 nostro
1116 3254 1283 3321 discedere

152 3361 321 3445 paululum
336 3361 463 3427 licet-
478 3362 528 3425 vir
542 3360 749 3425 doctissimus
760 3358 1095 3442 Riondusssurgenq
1107 3359 1164 3441 qni
1180 3378 1285 3443 nuper

152 3483 189 3528 ea
201 3463 241 3528 de
253 3483 290 3528 re
303 3465 376 3548 egit
386 3464 516 3546 longius
528 3467 701 3547 provectus
714 3482 784 3528 esse
796 3462 876 3526 mihi
888 3460 1031 3542 videtur,
1049 3461 1104 3544 qui
1119 3461 1286 3526 contendit

151 3567 355 3651 Propertium
380 3573 411 3631 et
429 3566 673 3650 Lygdamum),
696 3567 724 3630 si
747 3577 910 3650 personas,
934 3584 1017 3648 quae
1040 3563 1189 3631 absentes
1211 3564 1284 3648 sint,

245 3758 265 3820 ¹)
282 3754 374 3808 Etiam
393 3752 664 3822 comoediographos
682 3751 785 3806 fabulis
807 3751 866 3806 suis
885 3750 1021 3819 epistulas
1041 3766 1057 3803 e
1075 3750 1136 3804 vita
1154 3753 1283 3818 sumptas

150 3843 306 3899 inseruisse
325 3840 410 3898 docet
428 3842 549 3912 epistula
566 3841 712 3896 Phoenicii
731 3841 768 3896 ad
788 3840 960 3896 callidorum
983 3839 1013 3894 in
1032 3839 1125 3894 Plauti
1143 3839 1284 3894 Pseudolo

149 3933 196 4002 (ef.
214 3931 400 4092 41’ἶῗῗεέἶῆῑκεε
418 4021 455 4076 to
476 4020 569 4091 (1906)
593 4037 618 4090 p.
632 4021 766 4090 324sqq,
788 4019 823 4075 cf.
844 4020 929 4075 etiam
952 4018 1025 4073 Frid.
1044 4017 1114 4087 Leo,
1138 4017 1284 4089 Gottinger

150 4111 281 4165 Gelebrte
301 4109 445 4179 Anzeigen
464 4109 533 4163 1901
552 4124 579 4177 p.
592 4108 646 4162 322
657 4123 717 4176 sqq.
789 4124 791 4129 ·

241 4200 264 4266 ⁸)
283 4201 380 4270 Neque
394 4198 521 4255 Tibullus
537 4213 629 4268 neque
648 4196 764 4253 Ovidius
783 4194 923 4252 eiusmodi
942 4194 1048 4265 elegias
1066 4193 1282 4264 componebant.

203 4321 295 4377 maa
1140 4301 1158 4356 3
