2918 4814
132 175 182 229 Die
201 172 407 240 παρακλητικοί
426 172 457 226 in
475 171 525 226 der
543 171 737 241 griechischen
756 188 782 225 u.
801 173 870 224 τθυι.
884 170 1032 225 Literatur.
1105 163 1146 227 93

105 346 175 411 Wir
205 345 312 410 haben
342 346 377 408 in
405 345 469 409 den
496 343 773 409 Feldherrnreden
802 343 843 407 da
871 343 934 407 den
960 344 1061 408 τόπος
1090 341 1147 407 des

17 446 235 529 ἐκθηςόμενον,
266 469 315 512 wo
342 448 398 511 das
425 447 584 511 herrliche
602 445 666 510 Los
692 445 750 510 der
775 445 965 510 Gefallenen
991 444 1070 510 oder
1095 445 1148 509 die

27 547 172 635 Ἐιουάου,
195 552 249 616 die
274 551 336 615 den
360 549 601 615 iiberlebenden
624 549 737 633 Sieger
760 556 929 629 erwarten,
952 548 1149 632 geschilden

43 655 155 719 νοτίου.
194 654 366 719 Lesbonax
389 653 476 717 stellt
503 651 559 716 das
582 652 749 717 Schicksal
777 653 835 716 der
856 652 976 736 Feigen
999 651 1069 716 und
1092 651 1149 716 das

50 755 128 822 θλίολ
143 758 196 823 der
212 758 351 841 Tapfern
369 775 569 820 zusammen:
589 755 639 818 III
663 757 681 837 §
697 757 737 819 18
751 755 789 818 Κ.
824 757 858 819 Εἰ
876 759 931 834 μὲν
947 757 1008 821 οὖν
1025 757 1061 822 εύ
1080 757 1149 838 ᾔδει

55 881 86 925 πς
103 861 137 925 ότι
155 863 249 926 τόνδε
272 861 330 924 τὸν
358 861 507 923 κίνδυνον
531 861 699 939 διαφυγὼν
723 858 790 937 μεθ’
811 860 930 937 ἡδονῆς
953 861 1010 924 τὸν
1034 862 1149 925 ἐπίλοι-

57 982 100 1027 πον
116 966 221 1043 χρόνον
245 965 422 1028 διατελὲςας
446 965 502 1027 ςὺν
524 961 647 1046 εὐκλείᾳ
668 965 850 1044 τελευτήςει,
876 959 959 1042 εἶχεν
981 962 1021 1027 ἂν
1045 963 1148 1039 λόγον

58 1068 105 1127 τινὰ
116 1069 130 1144 ὴ
142 1070 240 1131 κακία·
260 1070 321 1131 νύν
338 1068 374 1129 δέ
385 1066 465 1143 (οἱ)
476 1067 591 1128 πολλοὶ
607 1066 656 1128 καὶ
673 1068 762 1128 κακοὶ
778 1065 929 1132 δόξαντες
947 1061 1023 1130 εἶναι
1040 1066 1148 1139 ὀλίγον

61 1168 146 1243 χρόνον
166 1173 306 1248 βιοῦντες
331 1171 382 1232 διὰ
404 1169 462 1245 τήν
487 1167 651 1231 δύςκλειαν
676 1167 845 1246 ἀνιώμενοι
869 1171 918 1232 καὶ
947 1168 1049 1246 άτιμοι
1072 1167 1148 1246 παρ’

60 1268 154 1348 ἐνάμοις
173 1272 260 1338 ὄντες
284 1279 389 1337 κακως
411 1274 471 1336 τὸν
495 1272 657 1334 ἐπίλοιπον
682 1272 750 1349 βίον
773 1273 1013 1348 τελευτήςαντες
1042 1271 1148 1350 ὀνείδη

60 1375 107 1435 τοῖς
119 1377 185 1439 παιςὶ
201 1376 453 1453 καταλείψουςιν.
477 1373 544 1437 ἐπεὶ
564 1376 599 1436 δὲ
617 1375 804 1452 πεφύκαμεν
820 1373 879 1437 οὐκ
894 1373 1054 1455 άθάνοιτοι,
1078 1378 1148 1438 πῶς

61 1472 153 1538 κάλλιον
170 1477 376 1559 άποθνῄςκειν
395 1478 413 1554 ἢ
433 1475 513 1554 ὑπὲρ
531 1475 578 1538 ὧν
598 1477 657 1554 χρὴ
674 1479 908 1553 τιμωροῦντας;
933 1479 1028 1540 ποίαν
1053 1476 1149 1554 ἄλλην

61 1574 143 1654 άρετήν
168 1582 358 1658 κτωμένους;
387 1583 481 1643 ποῖος
514 1580 613 1657 ἡδίων
643 1578 795 1657 θάνατος;
829 1580 909 1643 τίνες
940 1580 1150 1658 εύκλεέςτεροι

62 1674 238 1746 ἀποθανόντες
260 1684 279 1760 ἢ
297 1681 327 1745 οἱ
351 1680 439 1745 οὓτω
455 1682 710 1759 τελευτήςαντες;
735 1683 884 1759 δημοςίου
900 1683 1005 1762 τάφου
1026 1683 1150 1748 ἀξιούν-

62 1796 103 1859 τοι
120 1787 197 1848 θυςίαι
219 1787 270 1849 ἐπὶ
293 1786 419 1849 τούτοις
441 1785 612 1865 γίγνονται,
637 1784 760 1858 ἀγῶνες
785 1784 834 1847 ἐπὶ
856 1787 982 1850 τούτοις
1003 1787 1150 1867 τίθενται,

63 1878 113 1944 ἀντὶ
133 1891 233 1966 θνητοῦ
264 1891 410 1965 ςώματος
440 1885 603 1951 ἀθάνατον
631 1888 753 1965 μνήμην
781 1890 1029 1966 καταλείψουςιν.
1062 1889 1091 1952 οἱ
1114 1892 1151 1953 δέ

64 1984 153 2050 τούτων
184 1995 291 2055 παῖδες
330 1991 462 2073 δημοςίᾳ
497 1990 720 2070 ἐκτμὲφονται,
754 1991 922 2068 τιμώμενοι
960 1993 1149 2056 πανοπλίαις

66 2091 210 2174 ῐῐβοεδμίοις,
234 2094 468 2172 θαυμαζόμενοι
493 2094 543 2155 καὶ
571 2094 605 2155 ἐν
630 2096 739 2170 χομοῐς
767 2095 816 2155 καί
839 2093 874 2157 ἐν
898 2096 1079 2172 γυμναςίοις
1103 2096 1152 2158 καί

66 2189 111 2249 τοῖς
127 2190 217 2261 ἄλλοις
240 2197 422 2260 ςυνουςίαις.
456 2200 519 2259 τοῖς
550 2200 586 2260 δὲ
610 2197 644 2259 ἐκ
667 2199 765 2260 τοῦδε
787 2200 847 2260 τού
871 2198 1021 2260 κινδύνου
1043 2201 1152 2261 ςωθεί-

67 2303 105 2367 αν,
126 2294 258 2377 ύνδράςιν
291 2300 422 2373 ἀγαθοῖς
451 2301 652 2380 γενομένοις,
686 2299 854 2364 ἀκίνδυνος
882 2298 901 2362 δ
929 2301 1038 2364 λοιπὸς
1070 2302 1151 2383 βίος,

67 2404 281 2482 λιιοοιίομένοις
307 2405 342 2467 ἐν
370 2404 481 2468 πάςαις
506 2403 717 2482 πανηγύρεςιν
741 2402 775 2465 ἐν
798 2403 909 2466 πάςαις
934 2404 1087 2479 θεωρίαις.
1122 2402 1152 2467 οἱ

65 2491 124 2565 θύοι
141 2509 254 2571 τούτοις
277 2508 366 2586 φίλοι
395 2506 476 2589 είςίν,
505 2505 535 2570 οἱ
563 2507 672 2585 ἐχθροί
695 2508 772 2570 τοὺς
795 2507 965 2570 τοιούτους
995 2505 1152 2584 ὑπάρχον-

65 2608 104 2674 ῖίλ
120 2609 167 2671 πάι
188 2610 268 2688 ἀνὴρ
285 2612 451 2674 ξενούςθαι
476 2609 630 2688 βούλεται.
671 2609 704 2671 ἐκ
726 2612 830 2672 τῶνδε
850 2610 898 2671 καὶ
916 2609 1052 2684 γαμετάς
1072 2629 1153 2687 προ-

66 2697 181 2775 θὺιμςόν
193 2712 310 2791 εὓμοιο.
349 2712 435 2777 οὗτοι
446 2715 656 2793 γηράςκοντες
673 2712 949 2789 εὐδαιμονίζονται.
962 2749 1006 2759 -
1018 2711 1152 2795 Dionys,

65 2793 114 2867 Hfll·
125 2813 205 2880 Areh.
222 2816 279 2897 VI,
297 2818 325 2898 9,
345 2819 366 2879 4
392 2817 419 2900 ᾧ
440 2820 495 2894 μέν
517 2815 557 2880 άν
577 2837 604 2879 τι
625 2818 724 2880 καλὸν
748 2817 767 2893 ἢ
787 2819 936 2890 γενναῖον
957 2816 990 2879 ἐν
1010 2822 1047 2897 τῇ
1072 2817 1152 2900 μάχη

64 2899 264 3003 διαίθιξαμένιμ
282 2921 517 2999 μαρτυμήςωςιν
535 2919 565 2984 αἱ
580 2922 620 2984 τὰ
637 2919 714 2997 ἔργα
730 2919 915 3000 ςυνειδότες,
941 2919 997 2983 τάς
1015 2919 1043 2982 τ’
1056 2919 1153 2984 ἄλλος

64 2999 185 3084 ἀπιδιίιςω
206 3026 401 3101 παραχρῆμα
423 3024 524 3104 τιμάς,
552 3023 590 3085 ἃς
620 3021 654 3084 ἐκ
676 3025 741 3084 τῶν
765 3022 909 3100 πατρίων
933 3021 1070 3086 ἑκάςτοις
1093 3023 1153 3085 ἐθι-

63 3114 125 3178 (θῶν
147 3123 273 3203 ὑπάρχει
290 3126 465 3205 γφὲμεςθαι,
501 3127 550 3188 καί
578 3128 636 3201 γῆς
670 3124 713 3187 ἔτι
750 3125 920 3201 προςθήςω
953 3128 1086 3206 κλῆρον,
1117 3124 1154 3203 ἧς

62 3207 167 3298 κέλιητοι
187 3230 223 3291 τό
253 3227 415 3308 δημόςιον,
444 3227 553 3292 ἱκανὸν
576 3231 702 3305 ποιῆται
730 3226 774 3291 ὡς
802 3227 937 3305 μηδενός
965 3231 1030 3291 τῶν
1059 3227 1154 3303 ἀναγ-

61 3314 134 3386 1ίαίιιν
152 3331 304 3408 δεηθῆναι.
334 3330 360 3413 ᾧ
385 3333 422 3394 δέ
442 3329 482 3394 ἂν
502 3331 521 3408 ἡ
542 3332 621 3408 κακὴ
643 3332 693 3394 καί
709 3331 886 3408 θεοβλαβὴς
907 3330 1031 3393 διάνοια
1047 3335 1153 3409 φυγῆς

61 3405 203 3500 ίίλήμονος
232 3434 398 3511 ἐπιθυμίαν
427 3433 560 3516 ἐμβάλῃ,
589 3435 696 3515 τούτῳ
723 3434 781 3496 τόν
813 3433 1018 3511 φευγόμενον
1049 3433 1153 3511 άγχοῡ

62 3529 212 3610 παίιιιιιήςω
229 3535 386 3599 θάνατον·
411 3537 560 3612 κρείττων
575 3537 636 3614 γὰρ
657 3535 697 3599 ἂν
719 3537 824 3617 ἑαυτῷ
839 3555 874 3599 τε
895 3537 1023 3599 καὶτοῖς
1045 3535 1152 3601 άλλοις

63 3617 157 3695 λίνοπο
175 3634 191 3696 δ
205 3640 353 3702 τοιοῦτος
373 3639 501 3716 πολίτης
518 3638 703 3702 ἀποθανών.
735 3639 784 3700 καί
800 3639 953 3717 περιὲςπαι
968 3643 1033 3703 τοῖς
1050 3638 1153 3705 ούτως

64 3712 222 3803 ύποθονούςι
244 3742 320 3818 μήτε
343 3744 448 3819 ταφῆς
471 3742 548 3818 μήτε
570 3745 636 3805 τῶν
661 3740 768 3805 άλλων
792 3742 936 3819 νομίμων
959 3737 1154 3824 μεταλαβεῖν,

66 3815 117 3887 ἀλλ’
127 3832 240 3925 ἀζήλοις,
257 3844 444 3907 ἀκλαύςταις
460 3842 512 3906 ὑπ’
524 3845 650 3908 οἰωνῶν
665 3864 698 3908 τε
715 3846 765 3908 καί
781 3845 900 3923 θηρίων
912 3848 1155 3923 διαφορηθῆναι.
