3406 4786
184 302 331 372 Epistulae
344 301 501 357 amatoriae
515 300 655 371 quomodo
669 301 841 356 cohaereant
853 316 917 356 cum
931 300 1030 371 elegiis
1039 299 1245 355 Alexandrinis.
1275 295 1315 357 71

184 473 401 556 Charitonem
425 471 613 556 scriptorem
634 471 817 537 fabularum
834 472 1084 554 romanensium,
1102 471 1182 554 119,
1199 473 1228 554 3,
1252 492 1317 554 quo

183 579 256 643 loco
282 577 459 642 Callirrhoe
482 576 644 658 deliberat,
668 581 778 639 utrum
800 575 901 639 fetum
925 595 944 638 a
965 575 1107 640 Chaerea
1129 579 1318 658 susceptum

183 684 281 746 necet
307 699 425 762 necne,
453 679 538 744 idem
565 679 720 763 legimus:
752 679 895 762 Βουλεύῃ
923 681 1178 760 τεκνοκτονῆεαι,
1205 682 1318 743 παεῶν

183 784 380 865 ἀεεβεετάτη,
404 785 453 847 καὶ
472 783 642 860 Μηδείας
656 784 825 860 λαμβάνει(
844 783 1021 860 λογιεμούε.
1054 781 1146 845 ἀλλὰ
1169 782 1228 844 καὶ
1250 784 1316 858 τῆς

183 890 370 952 {ratibor
398 886 609 965 ἀγριωτέρα
637 885 778 953 δόξειι·
809 885 908 964 ἐκείνη
938 888 995 963 μὲν
1022 885 1083 964 γὰρ
1111 883 1228 963 ἐχθρὸν
1256 879 1318 962 εἷχε

183 993 243 1055 τὸν
263 989 375 1071 ἄνδρα,
394 991 431 1055 cb
451 990 541 1054 δὲτὸ
560 988 695 1066 Χαιρέου
713 989 828 1052 τέκνον
848 989 945 1053 θέλει(
964 987 1145 1052 ἀποκτεῖναι
1169 988 1218 1050 καὶ
1237 988 1317 1064 μηδὲ

184 1093 357 1171 ὑπόμνημα
375 1096 435 1158 τοῦ
455 1093 647 1171 περιβοήτου
665 1092 770 1170 γάμου
789 1094 977 1156 καταλιπεῖν.
1010 1089 1084 1154 Νοιι
1103 1088 1238 1153 dubium
1258 1093 1315 1171 est,

183 1195 265 1277 quin
288 1194 321 1258 id
346 1200 570 1278 argumentum
593 1214 612 1257 a
634 1193 818 1259 rhetoribus
841 1199 1013 1259 tractatum
1036 1193 1086 1257 sit.
1123 1191 1215 1269 Quod
1239 1211 1316 1256 oon·

182 1297 341 1379 firrnatur,
356 1298 384 1361 si
396 1297 660 1381 compositionem
673 1302 705 1361 et
716 1296 1035 1379 argumentationem,
1047 1294 1166 1378 quibus
1179 1293 1315 1359 Ovidius

182 1400 294 1482 utitur,
318 1401 461 1484 respicis.
499 1399 644 1483 Exponit
666 1400 753 1464 enim
775 1399 913 1463 rhetoris
937 1398 1100 1463 coloribus
1123 1418 1211 1480 usus,
1236 1397 1313 1480 quid

182 1504 330 1567 futurum
353 1503 460 1586 tuerit,
484 1503 513 1566 si
537 1522 648 1567 omnes
672 1503 734 1567 hac
757 1501 993 1567 consuetudine
1016 1504 1193 1584 uterentur,
1217 1520 1314 1584 quam

182 1612 294 1670 contra
317 1609 473 1688 naturam,
497 1611 609 1670 contra
632 1606 681 1671 fas
705 1608 738 1670 et
758 1606 809 1669 ius
833 1608 958 1670 tantum
981 1605 1087 1670 soclus
1110 1605 1314 1688 suscipiatur.

181 1709 295 1773 Τελικά
317 1709 372 1773 illa
395 1710 564 1792 κεφάλαια,
593 1728 676 1791 quae
700 1714 732 1773 et
759 1708 794 1771 in
816 1707 1057 1773 laudationibus
1080 1709 1169 1773 etin
1192 1708 1315 1772 suasio·

180 1811 278 1876 nibus
302 1811 544 1894 adhibebantur,
568 1812 700 1895 paulum
723 1812 891 1875 immutata
914 1812 1103 1894 agnoscis1).

272 1914 355 1979 Satis
384 1915 592 1998 exposuimus
621 1913 774 1999 epistulas
804 1915 988 1996 amatoriae,
1019 1912 1216 1994 comoediae,
1248 1912 1314 1996 epi·

180 2020 370 2101 grammata,
399 2017 519 2101 elegias
546 2017 707 2082 Romanas
734 2017 816 2081 locis
842 2016 1067 2081 communibus
1096 2019 1128 2080 et
1156 2015 1313 2080 sermonis

180 2120 328 2184 amatorii
344 2125 376 2184 et
389 2121 467 2184 artis
479 2121 658 2185 rhetoricae
672 2121 758 2184 inter
770 2139 804 2184 se
821 2138 999 2203 congruere
1016 2138 1128 2202 posse;
1148 2137 1189 2182 ne
1207 2127 1314 2182 tamen

180 2221 391 2305 obliviscaris,
420 2241 535 2286 moneo
560 2223 656 2286 ctiam
682 2223 770 2305 ipsos
795 2222 1068 2306 epistolographos
1093 2222 1131 2286 ab
1158 2221 1236 2304 ipsis
1261 2211 1314 2284 οο-

179 2324 317 2389 moediis
345 2324 487 2408 pendere
510 2344 612 2408 posse.
652 2325 771 2389 lisdem
795 2325 864 2389 fere
888 2326 1032 2407 quaestio
1057 2325 1166 2406 oritur,
1195 2324 1223 2388 si
1247 2323 1313 2406 epi-

180 2433 357 2509 grammata
376 2447 451 2492 cum
470 2427 616 2511 epistulis
635 2429 692 2492 aut
710 2427 822 2511 elegiis
841 2430 1054 2492 consentiunt.
1090 2427 1172 2492 Nam
1196 2445 1238 2491 ox
1257 2446 1313 2490 na-

179 2534 254 2596 tura
282 2530 519 2615 epigrammatis
542 2532 696 2614 sequitur,
725 2536 768 2613 ut,
797 2550 879 2613 quae
903 2530 1075 2596 intercedit
1096 2529 1313 2612 necessitudo,

180 2633 303 2717 duplici
326 2635 450 2698 ratione
474 2634 629 2718 explicari
652 2634 761 2718 possit
792 2633 903 2698 Potuit
925 2637 1012 2699 certe
1036 2633 1312 2717 epistolographus

179 2738 237 2800 aut
255 2735 430 2819 elegiarum
448 2737 586 2820 scriptor
603 2736 709 2820 ipsum
728 2737 923 2820 epigramma
943 2738 1062 2802 imitari
1082 2743 1114 2802 et
1132 2736 1312 2802 secundum

178 2843 345 2905 rhetorum
364 2845 532 2926 praecepta
551 2842 750 2925 amplificare
769 2845 866 2924 atque
885 2860 1007 2906 ornare.
1042 2840 1138 2905 Haud
1157 2859 1230 2904 raro
1250 2840 1312 2903 hoc
1388 2909 1390 2914 ¹

178 2945 259 3009 iecit
282 2943 426 3026 Ovidius
451 2945 544 3010 cuius
568 2965 609 3010 ex
633 2944 830 3009 carminibus
853 2964 955 3008 unum
979 2944 1088 3028 seligo,
1117 2943 1202 3026 quod
1229 2941 1312 3004 nihil

178 3047 268 3112 aliud
292 3050 341 3112 ost
362 3049 426 3111 nisi
450 3050 646 3132 epigramma
669 3047 846 3112 dilatatum.
878 3048 968 3111 Inter
991 3048 1219 3131 epigrammata
1236 3045 1311 3108 libri

178 3151 306 3235 septimi
323 3150 536 3234 Authologiae
555 3152 727 3234 Palatinae,
747 3153 803 3235 qui
822 3152 1036 3236 sepulchralis
1051 3151 1203 3231 continet,
1224 3169 1311 3232 mag-

178 3272 241 3318 nus
257 3273 413 3318 numerus
428 3255 601 3337 invenitur,
617 3256 674 3338 qui
689 3254 730 3319 ad
746 3261 888 3319 mortuas
905 3255 1031 3337 hostica,
1046 3255 1080 3317 in
1095 3253 1210 3337 primis
1225 3271 1310 3333 aves,

177 3357 319 3440 pertinet
330 3357 471 3438 (Anthol.
481 3357 614 3422 PalVH
628 3361 690 3423 189
700 3361 788 3441 sqq.).
810 3359 877 3422 Iam
891 3359 1023 3442 apoetis
1036 3358 1310 3441 epigrammatum,

178 3460 235 3542 qui
254 3481 273 3523 a
292 3460 542 3525 Reitzensteiuio
562 3460 849 3545 ‘Peloponnesiaci'
868 3460 1118 3545 appellabantur,
1136 3462 1174 3523 ut
1192 3461 1309 3540 Anyte,

176 3563 368 3645 MnasalcaS,
392 3563 456 3645 alii,
479 3564 555 3627 talia
577 3565 689 3648 paucis
709 3563 856 3629 distichis
875 3563 1148 3647 componebantur
1166 3560 1308 3643 (Anthol.

176 3667 243 3732 Pal.
260 3667 325 3731 VII
345 3668 418 3730 192.
439 3668 524 3742 202).
560 3667 648 3744 Quos
666 3666 742 3732 inde
759 3689 778 3731 a
793 3667 954 3732 Leonidae
974 3686 1077 3748 usque
1096 3665 1137 3730 ad
1152 3664 1306 3747 Meleagri

176 3773 313 3835 aetatem
337 3770 392 3833 alii
416 3771 758 3854 epigrammatographi
779 3771 825 3834 ita
842 3770 1058 3850 imitabantur,
1082 3772 1119 3833 ut
1136 3786 1308 3831 numerum
1426 3776 1428 3778 ’

176 3893 329 3939 versuum
343 3875 555 3956 ornatumque
568 3875 724 3938 sermonis
736 3873 888 3956 paulatim
901 3873 1106 3938 intenderent
1117 3876 1150 3936 et
1161 3870 1308 3952 neglecta

270 4031 291 4101 ¹)
310 4029 446 4084 Conieras
465 4030 499 4084 de
522 4031 641 4084 τελικαῑε
664 4028 828 4096 κεφαλαίοις
846 4029 1011 4096 Volkmann,
1035 4028 1085 4083 Die
1103 4025 1238 4082 Rhetorilr
1258 4024 1308 4080 der

175 4112 316 4168 Griechcn
328 4111 388 4167 und
400 4114 521 4168 Rbmer²
536 4113 605 4170 1885
618 4132 643 4184 p.
652 4115 713 4169 300.
723 4115 838 4184 323sq.;
852 4119 918 4170 sunt
927 4115 1002 4184 apud
1012 4114 1184 4170 recentiores
1194 4112 1307 4183 quidem

173 4201 208 4253 τὸ
225 4199 345 4265 δίκαιον,
358 4200 516 4269 ιυμφέρον,
529 4201 659 4268 νόμιμον,
677 4201 771 4270 καλόν,
786 4201 849 4269 ἡδὺ,
866 4201 998 4268 δυνατόν,
1011 4201 1172 4268 ἀναγκαῖον,
1185 4197 1306 4264 πρέπον.
