3406 4786
177 355 322 425 Epistulae
335 354 491 411 amatoriae
504 354 644 424 quomodo
658 355 831 410 cohaereant
842 371 907 410 cum
921 354 1019 424 elegiis
1028 353 1235 410 Alexandrinis.
1266 347 1307 410 69

178 528 330 592 adierunt
352 531 384 591 et
406 527 604 611 pepigerunt,
628 525 738 590 bolum
761 525 872 609 quanti
896 528 1055 604 emerent;
1080 545 1229 590 nummos
1247 525 1309 590 sol-

178 636 306 712 verunt,
324 629 381 693 diu
397 631 659 722 expectaverunt,
676 628 753 694 dum
769 631 850 694 retia
866 628 1121 710 extraherentur,
1137 628 1309 712 aliquando

178 733 334 798 extractis
361 733 459 816 piscis
485 732 596 797 nullus
623 732 727 815 attuit,
755 731 813 798 sed
841 738 948 816 sporta
974 733 1045 797 auri
1073 732 1195 796 obsuta.
1229 732 1309 796 Turn

179 838 341 919 emptores
364 834 474 898 bolum
497 854 591 899 suum
616 837 714 916 aiunt,
738 837 912 919 piscatores
937 836 1053 899 suum?

272 938 383 1002 Genus
399 938 605 1003 ἐπιδεικτικὸν
620 938 824 1002 aemulantur
837 939 903 1002 iam
921 938 969 1001 illi
984 936 1109 1003 mediae
1125 936 1310 1003 comoediae

177 1041 257 1121 loci,
288 1060 382 1123 quos,
414 1060 488 1105 cum
516 1040 556 1105 de
583 1043 872 1125 progymnasmatis
900 1041 1066 1124 loquebar,
1097 1060 1194 1125 supra
1220 1062 1251 1125 p.
1269 1042 1310 1104 14

179 1143 282 1208 attuli.
320 1142 549 1207 Narrationum
577 1143 724 1228 exempla
751 1144 785 1206 in
813 1147 994 1229 praeceptis
1024 1145 1187 1208 rhetorum
1216 1162 1311 1229 saepe

179 1267 200 1310 a
218 1245 397 1312 Menandro
421 1247 523 1329 repeti
546 1252 658 1311 notum
677 1249 763 1329 est1).
796 1247 865 1311 Iam
883 1247 980 1313 velim
1004 1248 1158 1312 memoria
1181 1247 1312 1329 recolas,

180 1368 265 1433 quae
289 1368 387 1433 supra
411 1348 451 1414 de
469 1349 835 1433 praeexercitationibus
859 1351 1109 1433 exposuimus2).
1141 1350 1185 1414 Ut
1208 1347 1312 1413 decla·

180 1461 322 1519 matures
344 1453 572 1535 Quintilianus
595 1454 641 1517 ita
663 1453 1011 1537 praeexercitationnm
1034 1453 1205 1536 scriptores
1226 1452 1312 1516 Theo

180 1557 221 1621 ad
238 1556 454 1621 Menandrum
467 1556 642 1637 remittitll.
666 1556 732 1620 Iam
747 1577 822 1621 cum
835 1556 1083 1640 epistolographi
1094 1574 1197 1639 genus
1212 1554 1313 1638 quod-

181 1659 256 1725 dam
271 1659 626 1743 praeexercitationum,
644 1658 679 1722 id
695 1662 744 1723 est
759 1660 1030 1743 prosopopoeiam,
1048 1661 1195 1740 tractent,
1214 1658 1313 1739 vides,

181 1762 239 1827 ubi
263 1761 430 1826 comoedia
453 1769 485 1825 et
508 1761 645 1844 epistula
667 1760 752 1825 inter
772 1779 807 1824 se
827 1766 1018 1844 congruunt,
1043 1767 1098 1825 aut
1116 1761 1313 1826 comoediam

181 1866 247 1930 iam
267 1864 432 1948 exemplar
450 1883 521 1929 esse
540 1868 596 1927 aut
617 1866 787 1946 utramque
806 1883 899 1947 posse
918 1864 1126 1948 scriptionem
1145 1862 1250 1929 redire
1274 1863 1314 1928 ad

184 1968 318 2034 eandem
343 1969 508 2032 rhetorum
532 1968 806 2032 exercitationem.

274 2070 326 2136 Ad
342 2072 570 2155 epigrammata
584 2088 636 2134 me
649 2073 809 2134 converto.
835 2069 1000 2146 Quomodo
1018 2071 1097 2134 haec
1112 2090 1187 2135 cum
1199 2068 1315 2134 studiis

182 2176 349 2239 rhetorum
362 2174 562 2254 cohaereant,
574 2173 846 2238 Reitzensteinius
860 2174 970 2237 multis
983 2173 1061 2238 locis
1074 2173 1315 2255 dissertationis,

183 2298 248 2361 qua
271 2279 419 2341 naturam
443 2276 679 2359 epigrammatis
703 2275 864 2358 describit,
896 2277 1054 2360 exposuit
1092 2276 1198 2340 Etiam
1222 2296 1315 2359 argu-

186 2384 293 2446 menta
311 2377 475 2444 interdum
494 2379 606 2443 eadem
622 2398 700 2461 esso,
717 2399 799 2462 quae
818 2378 906 2463 apud
924 2380 1069 2445 rhetores
1088 2379 1315 2459 tractabantur,

184 2483 270 2548 idem
296 2481 390 2546 docet
411 2483 445 2545 in
468 2481 559 2563 libro,
588 2483 643 2564 qui
671 2482 859 2546 inscribitur
881 2482 1131 2547 Hellenistischc
1154 2481 1317 2546 Wunder-

186 2586 412 2669 erzahlungen,
432 2605 461 2669 p.
474 2586 546 2649 168.
575 2585 639 2650 Sed
654 2605 760 2668 neque
775 2585 856 2649 illud
873 2585 1094 2668 omittendum,
1114 2584 1201 2668 quod
1217 2584 1316 2650 Geor-

183 2692 258 2774 gius
282 2689 398 2754 Kaibel
420 2691 455 2752 in
479 2708 518 2753 ca
541 2688 767 2772 disputatione,
791 2690 845 2753 cui
868 2689 982 2753 titulus
1004 2691 1053 2754 est
1072 2688 1214 2753 ‘Cassius
1233 2688 1316 2752 Lon-

184 2794 282 2877 ginus
299 2793 366 2856 und
383 2791 435 2856 die
451 2791 572 2856 Schrift
587 2794 658 2870 περὶ
673 2791 829 2874 toooc’u,
846 2793 972 2856 monuit
988 2793 1201 2857 recentiorum
1218 2792 1316 2855 libros

279 2970 300 3039 ¹)
312 2969 392 3024 Rhet.
404 2969 498 3039 graeci
511 2969 522 3022 l
534 2985 561 3039 p.
571 2969 623 3024 199
637 2969 772 3037 ed.Walz,
782 2970 805 3023 11
817 2986 843 3039 p.
852 2970 886 3024 91
900 2970 943 3025 ed.
952 2969 1085 3040 Spengel:
1100 2971 1271 3037 Ἐπιφαινεῑν
1285 2972 1316 3023 δέ

184 3055 309 3122 διηγήεει
323 3053 378 3108 ἐττὶ
394 3056 428 3107 τὸ
442 3055 503 3108 καθ’
515 3055 632 3108 ἕκαςτον
651 3054 738 3120 μέρος
753 3058 805 3120 τῆ(
818 3056 973 3122 διηγήεεωε
984 3054 1105 3122 γνώμην
1119 3055 1264 3119 ἐπιλέγειν,
1281 3057 1316 3108 τὸ

185 3142 217 3195 δέ
229 3143 364 3193 τοιοῦτον
375 3139 437 3192 οὔθ’
450 3138 559 3208 ἰατορίᾳ
569 3140 682 3206 πρέπον
693 3138 766 3194 έετίν
776 3140 843 3193 οὔτε
855 3142 991 3209 πολιτικῷ
1003 3139 1090 3209 λόγῳ,
1104 3141 1216 3208 θεάτρῳ
1231 3140 1262 3193 δέ
1272 3138 1317 3193 καὶ

185 3231 271 3294 εκηνῇ
282 3227 390 3290 μᾶλλον
399 3225 567 3292 ἐπιτήδειον.
579 3223 679 3278 διὸκαὶ
690 3227 769 3292 παρὰ
778 3228 837 3279 roi<
846 3226 989 3279 τοιοὺτοιε
999 3226 1130 3291 ποιηταῖς
1140 3225 1316 3279 έπιπλεῑετόν

186 3312 268 3373 ἐςτιν,
288 3311 328 3363 ὼε
340 3311 420 3376 παρὰ
434 3310 627 3379 Μενάνδρῳ
647 3313 793 3376 πολλαχοῦ
809 3311 859 3375 μὲν
873 3311 1017 3377 ἀλλαχόθι,
1030 3309 1075 3364 καὶ
1089 3310 1119 3363 ἐν
1132 3309 1205 3378 ἀρχῇ
1220 3311 1251 3363 δέ
1263 3313 1316 3362 τοῦ

183 3412 216 3450 τε
226 3396 382 3461 Δαρδάνου
395 3393 440 3448 καὶ
452 3399 505 3448 τοῦ
519 3396 671 3459 ξενολόγου
685 3394 875 3464 (Comicorum
886 3395 968 3449 Attic.
979 3394 1077 3464 fragm.
1087 3394 1123 3447 lll
1135 3410 1160 3463 p.
1170 3394 1230 3462 103,
1240 3393 1316 3462 aab:

455 3480 571 3547 Ἀνδρὸτ
589 3480 713 3546 πένητος
732 3480 801 3548 broc,
821 3480 1048 3546 ἐκτεθραμμένοι

185 3583 209 3619 κ
219 3582 244 3620 τ.
256 3567 277 3618 ἕ,
290 3566 442 3620 Praeterea
456 3565 587 3620 conteras
599 3565 680 3619 Rhet.
694 3581 785 3634 graec.
796 3566 806 3619 I
819 3582 845 3635 p.
857 3565 916 3620 196.
930 3565 984 3619 200
998 3564 1041 3619 ed.
1050 3564 1136 3632 Walz,
1150 3564 1172 3618 ll
1189 3581 1214 3633 p.
1225 3564 1268 3619 88.
1282 3564 1316 3618 92

186 3651 229 3708 ed
240 3650 369 3720 Spengel.
389 3649 513 3705 Graecos
525 3649 610 3720 igitur
622 3648 748 3704 imitatur
761 3649 868 3717 Cicero,
881 3666 947 3704 curn
960 3650 990 3703 in
1002 3649 1074 3704 libro
1087 3649 1130 3704 ‘de
1143 3649 1318 3703 inventione'

184 3736 255 3802 119,
270 3736 314 3802 27,
336 3749 392 3804 quo
411 3734 445 3789 de
464 3734 615 3805 generibus
633 3734 806 3789 narrationis
825 3734 945 3798 disserit,
964 3735 1093 3803 exempla
1112 3733 1271 3803 argumenti
1290 3739 1318 3787 et

185 3821 371 3888 narrationis,
398 3836 470 3890 quae
496 3821 526 3874 in
549 3820 678 3890 personis
701 3824 843 3887 versatur,
870 3836 885 3874 e
909 3819 1013 3875 fabulis
1036 3818 1212 3874 Terentianis
1236 3820 1317 3873 affert

186 3906 320 3979 (Andriae
339 3922 365 3959 ν.
379 3905 423 3972 51,
436 3905 626 3974 Adelphorum
644 3922 670 3959 ν.
684 3905 736 3975 60).

278 3991 444 4060 Ἶρωη

188 4118 190 4121 ,
277 4076 301 4145 ³)
320 4075 360 4129 Cl.
379 4075 501 4131 Theonis
523 4090 547 4129 c.
563 4075 586 4130 ll
605 4074 695 4144 (Rhet.
710 4075 827 4144 graeci
849 4091 875 4144 p.
890 4075 943 4129 164
966 4073 1009 4128 ed.
1024 4073 1111 4140 Walz,
1134 4072 1158 4127 11
1176 4088 1202 4143 p.
1216 4072 1252 4128 68
1274 4072 1316 4127 ed.

185 4163 326 4235 Spengel).

277 4249 299 4318 ⁴)
317 4247 409 4302 Herm.
423 4247 459 4301 34
478 4247 569 4317 (1899)
588 4263 614 4317 p.
630 4247 680 4302 107
689 4263 748 4317 sqq.
