3248 4910
364 293 406 356 86
782 298 818 353 ll.
838 297 1062 367 Heinemann,

363 471 510 535 militudo
531 469 572 534 ad
587 470 779 535 sententiam
799 488 1002 534 communem
1020 469 1187 553 ipsamque
1203 469 1304 533 vitam
1319 467 1503 533 reducitur.

363 574 470 639 Lenae
498 578 584 638 certe
613 573 844 656 prosopopoeia
870 573 932 637 hac
958 571 1095 656 epistula
1122 592 1188 636 non
1216 573 1420 638 continetur.
1460 571 1505 634 At

362 677 446 741 inest
467 677 502 740 in
521 675 634 759 elegiis
656 675 713 739 illa
731 674 1035 758 comoediarumque
1053 675 1185 740 scaenis.
1219 673 1315 740 Certe
1333 681 1442 758 atque
1461 675 1503 737 ita
1594 706 1595 716 .

362 777 500 862 quidem,
516 782 554 842 ut
569 783 602 844 et
617 777 753 843 Ovidius
768 780 801 843 et
816 777 1003 862 Propertius
1019 781 1130 843 contra
1141 796 1176 843 se
1192 783 1372 862 poetasque
1386 796 1502 842 omnes

361 902 400 948 ea
421 886 591 967 praecepta
609 881 728 946 alonis
752 881 821 945 dari
844 878 969 964 iaciant
994 901 1076 964 quae
1096 884 1207 946 contra
1225 900 1336 946 omnes
1356 882 1504 946 iuvenes

362 985 479 1050 dantur
506 985 591 1069 apud
619 986 769 1050 comicos.
808 985 882 1050 Non
912 991 1020 1050 tamen
1049 986 1156 1050 statim
1183 987 1290 1069 sequi,
1320 988 1359 1050 ut
1393 985 1502 1068 elegia

360 1087 583 1154 Alexandrina
604 1088 832 1169 intercesserit,
854 1087 919 1152 iam
941 1087 1211 1153 Reitzensteinius
1235 1088 1398 1172 exposuit,
1424 1107 1501 1152 curn

360 1192 503 1258 rhetores
522 1193 712 1274 argumenta
727 1191 1030 1274 prosopopoeiarum
1046 1211 1065 1256 e
1084 1190 1251 1255 comoedia
1269 1191 1423 1256 hausisse
1444 1190 1500 1254 de·

360 1297 559 1376 monstraret,
575 1292 618 1376 id,
635 1293 722 1377 quod
737 1312 797 1358 nos
820 1293 930 1358 multis
946 1294 1102 1378 exemplis
1118 1295 1252 1378 probare
1268 1313 1368 1378 supra
1385 1294 1496 1358 eonati

360 1401 513 1482 sumus1).
541 1397 679 1463 Novisse
696 1398 776 1462 tales
792 1395 1040 1463 declamationes
1057 1400 1152 1463 etiam
1168 1399 1417 1462 Aristaenetum
1438 1417 1497 1481 pn·

358 1507 480 1582 tamus3
504 1501 580 1566 inde
600 1501 809 1585 explicamus,
833 1501 962 1583 siquae
981 1500 1158 1565 sententiae
1181 1501 1315 1584 propius
1334 1499 1497 1565 accedere

359 1605 399 1668 ad
413 1604 590 1688 elegiarum
600 1604 688 1668 locos
700 1602 861 1669 videntur.
886 1603 1013 1688 Certum
1025 1606 1134 1668 autem
1149 1603 1287 1668 alicuius
1304 1601 1496 1667 comoediae

359 1727 508 1772 scaenam
531 1705 569 1770 ab
593 1707 797 1771 Aristaeneto
822 1705 1022 1771 observatam
1046 1725 1117 1771 esse
1140 1725 1205 1770 non
1228 1706 1405 1770 credimus

447 1814 544 1880 Nunc
560 1813 601 1878 ad
616 1814 787 1898 epistulam
805 1813 822 1877 I
838 1815 878 1878 at
900 1814 1099 1879 Aristaeneti
1121 1833 1180 1878 nos
1201 1815 1383 1891 vertamus3
1410 1833 1493 1896 quae

359 1918 501 1983 continet
514 1917 711 2000 colloquium
721 1917 856 1981 duarum
870 1917 1051 1999 mulierum,
1062 1917 1187 2000 quaein
1199 1916 1304 2000 platea
1315 1915 1492 1981 ambulant

357 2021 484 2086 Transit
507 2019 697 2084 adulescens
723 2020 859 2104 pulcher
882 2025 914 2084 et
936 2019 1074 2104 elegans,
1102 2039 1199 2104 quern
1222 2023 1330 2084 tamen
1358 2023 1492 2104 propter

357 2125 488 2188 nimiam
512 2123 703 2187 munditiam
728 2128 825 2206 atque
849 2125 996 2188 ornatum
1020 2121 1137 2187 mulier
1160 2123 1291 2206 spernit
1317 2123 1488 2188 Conferas:

356 2228 446 2307 Πρὸς
471 2231 528 2306 τῆς
556 2228 753 2308 Ἀφροδίτης,
783 2225 809 2290 ὠ
839 2227 927 2309 φίλη,
968 2229 1002 2291 cl
1029 2229 1143 2292 ποθῶν
1177 2227 1285 2291 οὑτοςὶ
1314 2228 1489 2308 προςᾴδων

357 2331 543 2411 παρέρχεται
571 2330 621 2394 καὶ
650 2333 779 2409 μορφῆς
808 2329 867 2393 οὐκ
890 2329 1005 2410 ἀφυῶς
1029 2329 1123 2408 ἔχων.
1162 2330 1207 2395 ὡς
1235 2329 1427 2409 εὐπάρυφον
1452 2331 1488 2393 τὸ

357 2434 529 2511 θερίςτριον
545 2433 594 2496 καὶ
612 2434 757 2496 ποικίλον
771 2436 837 2496 ταῖς
856 2431 920 2497 ἀπὸ
941 2434 1083 2512 κερκίδος
1099 2437 1248 2515 γραφαῖς,
1268 2433 1313 2498 ὡς
1334 2431 1489 2510 εὔμουςος

355 2537 413 2613 τὴν
429 2536 545 2614 φωνήν
568 2584 575 2598 .
593 2584 599 2598 .
616 2584 623 2598 .
647 2534 696 2614 ’νή
712 2536 788 2599 τοὺς
800 2533 972 2617 Ἔρωτας’,
988 2531 1081 2617 εἶπεν,
1097 2535 1355 2614 “ἀποςτρέφομοι
1376 2538 1414 2600 δὲ
1429 2535 1487 2598 τὸν
1595 2566 1596 2572 1

356 2639 432 2702 νέον
452 2639 562 2718 καίπερ
586 2637 664 2703 ὄντα
687 2637 796 2720 καλόν,
816 2636 864 2702 ὅτι
887 2642 1001 2717 φυςῶν
1020 2637 1117 2703 αὐτὸς
1143 2638 1256 2702 ἑαυτὸν
1275 2637 1371 2701 οἴεται
1388 2637 1488 2717 μόνος
1595 2645 1596 2655 ³

356 2740 536 2819 ἀξιέραςτος
552 2735 629 2805 εἶναι
646 2744 712 2804 ταῖς
728 2743 846 2816 γυναιξὶ
865 2741 914 2804 καὶ
932 2741 1123 2818 πρεπόντως
1138 2745 1183 2824 τῷ
1200 2739 1305 2804 κάλλει
1321 2744 1488 2805 ποθείςθαι

436 2846 511 2920 pau
534 2845 618 2918 γοῦν
641 2843 772 2922 έραςτήν
795 2847 1038 2922 παρευδοκιμεῑν
1061 2843 1221 2926 εὐμορφίᾳ
1242 2843 1300 2919 τὴν
1322 2841 1487 2920 ἐρωμένην

355 2943 512 3026 ἀξιοῦνταἸ
529 2944 679 3023 οἰὸμενόν
697 2965 730 3009 τε
749 2945 863 3010 κάλλος
882 2945 960 3024 ὑπὲρ
980 2944 1120 3010 κάλλους
1141 2947 1324 3026 χαρίζεςθαι,
1343 2947 1484 3022 μέχτςτον

356 3048 423 3112 ἀντὶ
439 3049 580 3128 βραχέως
600 3069 626 3112 κ.
636 3067 660 3110 τ.
669 3047 705 3112 έ.’
733 3046 784 3110 lln
799 3047 916 3112 iisdem
933 3047 1046 3126 causis,
1063 3067 1143 3131 quas
1161 3047 1278 3112 mulier
1296 3047 1330 3110 in
1344 3047 1487 3111 Aristae-

355 3150 423 3214 neti
440 3150 576 3234 epistula
593 3149 663 3214 127
682 3150 786 3234 alleri,
815 3149 950 3215 Ovidius
968 3151 1092 3235 puellus
1109 3155 1195 3215 vetat
1212 3169 1320 3215 amore
1336 3149 1486 3234 pulchro-

355 3272 427 3317 rum
450 3254 595 3317 virorum
618 3253 821 3318 inflammari.
859 3253 906 3318 Ol.
922 3255 990 3317 nrt
1007 3255 1111 3317 Amat.
1126 3251 1177 3316 111
1192 3253 1355 3335 433sqq.:

497 3387 560 3452 Sed
583 3389 681 3453 ritate
706 3389 791 3452 viros
815 3388 938 3454 cultum
961 3388 1161 3471 formamque
1184 3387 1356 3472 professos,

543 3490 671 3574 Quique
694 3511 769 3556 suas
792 3495 918 3577 ponunt
939 3493 975 3556 in
998 3493 1134 3557 statione
1157 3492 1278 3556 comas!

497 3593 586 3670 Quae
610 3594 701 3659 vobis
725 3593 846 3678 dicunt,
870 3595 1023 3660 dixerunt
1045 3594 1132 3660 mille
1155 3593 1280 3678 puellis.

358 3813 360 3818 .
448 3769 467 3838 ¹)
486 3767 532 3823 Sic
542 3767 732 3837 parasitorum
745 3783 855 3840 quoque
865 3767 1087 3838 prosopopoeiae
1097 3766 1306 3837 recipiebantur
1317 3781 1335 3820 a
1345 3765 1487 3822 declama·

355 3854 463 3909 toribus
471 3853 526 3924 (cl,
536 3858 567 3908 ut
580 3855 740 3924 exemplum
753 3855 913 3919 afferamus,
924 3853 1059 3923 epistulas
1069 3852 1267 3923 parasitorum,
1275 3867 1346 3920 quas
1353 3851 1485 3922 Alciphro

355 3938 537 4008 composuit);
558 3937 659 3994 deinde
673 3939 754 4010 quasi
766 3943 842 3994 artes
857 3938 1088 4007 conficiebantur,
1107 3939 1249 4008 postremo
1262 3936 1484 3992 demonstratur:

356 4024 400 4076 δτι
417 4023 503 4090 τέχνη
528 4024 545 4089 ἡ
570 4025 734 4091 παραςιτικη
763 4024 808 4092 (cl.
828 4024 945 4080 Luciuni
965 4023 1122 4094 dialogum:
1151 4021 1218 4089 περί
1240 4019 1397 4087 ποραςίτου
1422 4022 1485 4087 hrot

356 4107 399 4160 ὅτι
423 4109 510 4175 τέχνη
537 4109 554 4174 ἡ
579 4111 759 4178 ποραςιτική,
789 4109 920 4177 Leonem,
953 4108 1143 4165 Plautinische
1167 4107 1367 4176 Forschungen
1392 4123 1420 4175 p.
1435 4105 1485 4161 133

356 4191 450 4246 adnot.
469 4191 505 4262 2).
