2932 4800
42 348 185 419 Epistulae
198 350 353 406 amatoriae
368 349 509 420 quomodo
522 350 695 406 cohaereant
707 366 772 406 cum
787 350 884 419 elegiis
894 349 1101 406 Alexandrinis.
1130 342 1172 408 21

40 523 176 586 ciamus.
211 521 284 603 Sed,
308 525 346 585 nt
372 522 517 586 ordinem
544 520 704 604 quendam
731 521 766 585 in
791 521 938 604 reliquiis
965 523 1173 589 recensendis

38 644 282 707 conservemus,
306 624 388 689 duas
410 644 617 709 segregemus
641 625 768 704 classes,
792 623 923 688 alteram
947 642 1067 707 earum,
1091 641 1174 708 quae

36 727 145 793 forma
176 730 302 792 tantum
334 727 491 812 epistulae
525 730 668 809 utuntur,
701 733 738 792 ut
768 727 883 792 breves
914 727 1174 793 narratiunculas

36 832 128 895 inter
150 849 186 895 se
207 833 387 913 conectant,
408 830 541 894 alteram
557 850 676 913 earum,
694 829 813 913 quibus
829 828 869 895 de
890 849 925 895 se
944 831 1015 914 ipso
1031 831 1175 914 loquitur

36 934 189 1018 scriptor,
213 952 307 998 suum
327 952 477 1014 amorem,
500 952 577 998 siros
596 933 723 998 dolores
746 933 869 1016 profert
892 934 1036 1017 etquasi
1058 934 1174 1000 absens

36 1057 117 1103 oum
141 1038 245 1101 amica
266 1036 418 1119 loquitur.
457 1037 655 1121 Incipiamus
679 1036 718 1101 ab
742 1038 804 1102 hoo
826 1057 952 1121 genere.

131 1142 313 1208 Primordia
323 1144 531 1228 epistularum
540 1145 763 1209 amatoriarum
773 1145 885 1229 quinto
894 1146 1023 1211 saeculo
1031 1145 1174 1211 achan.

35 1249 257 1332 reperiuntur,
282 1249 314 1312 et
341 1248 580 1312 vetustissimus
608 1248 753 1331 scriptor,
782 1267 877 1330 quem
908 1249 1061 1332 epistulas
1090 1269 1175 1314 ama-

35 1351 140 1414 torias
164 1350 382 1433 composuisse
405 1350 535 1432 seimus,
558 1349 672 1432 Lysias
697 1355 805 1414 orator
827 1353 916 1431 esu).
955 1350 1064 1416 Pauca
1087 1358 1175 1418 certe

37 1457 171 1518 exstant
193 1453 381 1536 fragmenta.
415 1452 466 1517 De
489 1452 606 1535 quibus
629 1451 756 1533 Blass2)
779 1453 907 1537 egregie
931 1452 1075 1534 disserit;
1100 1474 1176 1519 con-

36 1557 145 1623 tendit
168 1559 254 1623 enim
273 1556 413 1639 Lysiam,
437 1577 632 1640 quamquam
655 1575 803 1622 sermone
821 1558 906 1622 vitae
929 1559 1023 1623 iniis
1047 1560 1176 1644 saepius

36 1679 121 1725 usus
144 1662 187 1724 sit
214 1664 246 1724 et
268 1661 358 1743 loges
381 1661 458 1724 artis
480 1659 659 1724 rhetoricae
683 1679 748 1723 non
771 1661 824 1741 ita,
848 1663 886 1725 ut
906 1661 942 1725 in
965 1661 1176 1746 orationibus,

38 1762 234 1845 adhibuerit,
257 1769 365 1827 amen
389 1781 442 1827 eas
466 1770 653 1826 ornamento
672 1762 833 1827 rhetorico
857 1765 1116 1849 amplificavisse,
1141 1771 1177 1831 ut

39 1867 207 1951 proprium
239 1866 395 1950 epistulae
425 1884 528 1947 genus
560 1865 727 1930 excedant.
768 1864 861 1942 Quod
892 1867 1116 1950 confirmatur,
1147 1870 1176 1933 si

39 1969 169 2054 singula
191 1970 373 2054 fragmenta
394 1969 545 2052 respicis3
570 1988 645 2032 nam
667 1967 763 2032 facile
782 1971 831 2032 est
853 1968 1019 2035 intellectu
1043 1970 1176 2054 Lysiam

40 2074 73 2136 in
106 2072 255 2156 epistulis
285 2072 356 2136 illas
387 2073 552 2136 rhetorum
585 2071 845 2153 exercitationes,
878 2091 961 2154 qnae
994 2094 1013 2137 a
1043 2073 1176 2139 Graecis

40 2174 180 2253 ἐγκώμια
198 2176 248 2239 καὶ
267 2175 377 2256 ψόγοι,
401 2195 420 2238 a
438 2174 590 2239 Romanis
613 2172 726 2238 laudes
748 2176 780 2239 et
800 2175 1049 2259 vituperationes
1072 2177 1177 2241 nomi·

41 2281 169 2359 nentur,
198 2277 359 2341 imitatum
384 2296 462 2342 esse.
503 2279 645 2360 Apparet
668 2277 754 2341 enim
784 2281 943 2343 oratorem
970 2279 1006 2342 in
1029 2279 1177 2364 epistulis

41 2382 184 2464 pneris³)
202 2381 309 2444 missis
326 2399 431 2445 mores
448 2381 594 2464 egregios
611 2399 724 2444 eorum
742 2378 900 2462 laudasse,
920 2381 1058 2465 epistula
1075 2381 1177 2447 Meta·

40 2484 131 2548 nirae
139 2486 165 2566 ⁴)
192 2483 356 2548 meretrici
380 2483 499 2567 scripta
521 2482 609 2547 illam
632 2483 843 2567 vituperasse.
883 2482 939 2566 of,
968 2487 1005 2548 ut
1027 2484 1177 2569 exempla

40 2607 144 2671 pauca
174 2586 362 2667 afferamus,
385 2587 603 2671 fragmentum
634 2587 718 2651 260:
751 2588 855 2662 λέγων
886 2588 930 2652 ὼς
959 2588 998 2653 οὐ
1022 2591 1105 2668 φιλῶ
1132 2609 1175 2672 ςε,

40 2690 229 2769 φαυλότητά
252 2710 314 2767 μου
334 2691 475 2768 μεγίςτην
495 2691 770 2766 καταγιγνώςκεις·
795 2689 820 2753 εἰ
838 2690 899 2768 γὰρ
922 2690 1001 2768 ἦθος
1024 2693 1174 2756 τοιοῦτον

39 2795 89 2857 καὶ
107 2793 232 2871 τρόπον
253 2793 303 2856 καὶ
323 2795 428 2871 ψυχήν
452 2794 501 2856 καὶ
521 2791 649 2856 εὔνοιαν
669 2791 775 2857 οὕτως
799 2791 1047 2871 ἀπροφάςιςτον,
1071 2793 1114 2857 ἔτι
1138 2797 1175 2859 δὲ

40 2896 204 2960 ςανουςίας
228 2893 402 2973 οἰκειότητα
425 2896 474 2959 καὶ
496 2895 605 2969 λόγων
634 2895 805 2959 κοινωνίαν
832 2897 871 2972 μὴ
897 2895 968 2960 καθ’
991 2895 1174 2976 ὑπερβολὴν

39 2999 224 3079 ἀςπάζομαι,
247 2999 292 3063 τίς
310 2997 425 3073 γένοιτ’
445 2997 486 3062 ἂν
505 2999 584 3075 ἐμοῦ
604 2997 810 3079 ἀθλιώτερος,
835 2999 871 3063 ὃς
890 2998 1088 3076 ἀναιςθήτως
1108 2999 1173 3078 ἔχω

39 3104 123 3178 πρὸς
146 3104 184 3166 τὸ
209 3104 362 3181 φρονεῖν,
391 3103 423 3165 et
443 3100 482 3165 fr.
504 3101 586 3164 255:
616 3099 725 3165 Λυςὶας
750 3101 785 3165 ἐν
808 3106 845 3184 τῇ
873 3102 954 3181 πρὸς
978 3101 1174 3180 Μετάνειραν

40 3201 186 3285 ἐπιςτολῇ
217 3202 279 3267 ’καὶ
308 3207 365 3282 τὴν
395 3207 451 3282 μὲν
479 3205 583 3282 κόμην
610 3205 707 3281 ψιλήν
735 3203 828 3282 ἔχεις,
858 3205 915 3268 τὰς
947 3207 983 3269 δὲ
1015 3204 1175 3282 μαςχάλας

134 3381 154 3448 ¹)
172 3379 213 3434 Cf.
227 3380 317 3446 Blass,
336 3379 387 3434 Die
400 3380 520 3434 attische
534 3378 746 3434 Beredsamkeit
758 3379 783 3434 1²
800 3396 825 3449 p.
837 3380 899 3447 374,
919 3380 1021 3436 Suidas
1038 3380 1091 3436 sub
1103 3396 1174 3436 voce

42 3463 156 3518 Λυςίαςε
181 3464 281 3518 noctae
370 3466 479 3531 ἔγραψε
502 3466 534 3519 δὲ
557 3463 602 3518 καὶ
624 3466 725 3530 τέχνας
744 3466 898 3532 ῥητορικὰς
917 3465 962 3519 καὶ
985 3465 1174 3534 δημηγορίας,

41 3551 167 3615 ἐγκώμιά
182 3567 214 3606 τε
234 3550 278 3605 καὶ
295 3551 463 3617 ἐπιταφίους
481 3551 526 3605 καὶ
539 3552 685 3605 ἐπιςτολᾰς
698 3549 730 3619 ζ’,
752 3549 816 3616 μίαν
831 3553 881 3616 μὲν
898 3553 1104 3619 πραγματικὴν,
1123 3553 1174 3606 τὰς

41 3638 72 3690 δὲ
85 3638 186 3690 λοιπὰς
197 3637 343 3703 ἐρωτικὰς,
360 3637 403 3690 ὼν
420 3636 448 3691 al
464 3638 548 3691 πέντε
564 3639 638 3702 πρὸς
655 3638 790 3702 μειράκια.
811 3637 938 3707 Dionysii
952 3638 1092 3693 Halicarn.
1108 3637 1175 3704 περὶ

42 3721 143 3776 hurico
160 3739 222 3792 cap.
235 3722 267 3776 3:
291 3722 428 3790 περὶγὰρ
448 3724 483 3789 δὴ
503 3728 564 3776 τῶν
582 3723 766 3776 ἐπιςτολικῶν
785 3722 874 3776 αὐτοῦ
894 3722 939 3776 καί
960 3725 1110 3790 ἑταιρικῶν
1128 3723 1175 3778 καὶ

41 3812 100 3860 τῶν
124 3809 232 3874 ἄλλων,
256 3808 306 3861 οὓς
331 3811 399 3871 μετὰ
421 3811 534 3861 παιδιᾶς
557 3808 691 3872 ἔγραψεν.
719 3807 854 3863 Centoras
877 3808 963 3862 etiam
984 3808 1173 3877 Plutarchum,

43 3891 102 3946 Βίοι
121 3893 189 3947 δέκα
202 3893 338 3959 ῥητόρων
357 3909 384 3961 ρ.
396 3892 497 3948 8368:
518 3891 566 3946 elci
584 3891 608 3946 δ’
622 3893 700 3961 αὐτῷ
721 3932 769 3947 ...
789 3891 946 3945 Ἐπιςτολαί
964 3908 995 3946 τε
1008 3891 1053 3946 καὶ
1071 3893 1174 3956 Ἐγκώ-

43 3994 91 4041 μια
110 4018 137 4032 ..
153 4019 158 4032 .
179 3977 224 4031 καὶ
237 3977 384 4044 Ἐρωτικοί
397 3977 545 4046 (Plutarchi
560 3977 680 4032 Moralia
692 3981 759 4032 tom.
770 3976 792 4031 v
804 3993 830 4045 p.
840 3977 892 4031 156
909 3977 951 4032 ed.
966 3977 1174 4049 Bernardalds).

133 4070 154 4129 Ι)
173 4069 263 4134 Blass,
282 4067 333 4122 Die
353 4067 473 4122 attische
496 4066 704 4122 Beredsamkeit
723 4067 747 4120 1·
766 4083 792 4136 p.
805 4066 867 4120 422.

131 4158 153 4225 ³)
173 4159 343 4226 Fragmenta
362 4157 422 4211 aad.
444 4157 586 4211 259-262
606 4156 649 4211 ed.
664 4157 726 4211 Tur.

132 4247 155 4317 ⁴)
174 4247 343 4315 Fragmenta
361 4246 505 4301 eoa-258
524 4245 566 4300 ed.
588 4246 652 4301 Tur.
