2918 4814
162 112 211 168 Dic
230 112 435 180 παρακλητικοί
455 113 484 167 ία
504 113 554 168 der
573 113 768 183 griechischen
787 114 1059 170 commoratur.
1133 111 1174 172 91

50 287 105 361 τῆς
131 287 276 362 πατρίδος
302 284 342 349 οὐ
367 285 612 364 κινδυνευοὺςης
639 289 699 350 νῦν
727 286 832 351 αὑτοῖς
856 291 923 351 τοῖς
951 289 1175 364 ςτρατοπέδοις

63 384 131 451 ίιλλό
140 392 196 452 τοῖς
208 386 304 453 ὅλοις.
321 390 349 452 τί
360 389 421 466 γὰρ
435 388 477 451 ἔτι
493 393 663 466 προςθεῑςα
675 392 741 454 τοῖς
755 388 980 471 ὑποκειμένοις,
998 390 1054 453 ἐὰν
1068 388 1177 454 ἄλλως

72 511 128 555 πως
145 493 177 555 τό
196 492 342 569 παρόντα
370 497 473 574 κριθῇ,
502 492 733 570 περιγενήςεται
756 496 823 555 τῶν
847 491 986 572 ἐχθρῶν,
1014 492 1072 556 οὐκ
1096 493 1175 571 ἔχει·

78 598 155 658 πᾱςαν
168 596 222 673 γὰρ
237 596 296 671 τήν
313 593 410 673 αὑτῆς
423 595 602 672 προθυμίαν
619 594 669 658 καὶ
687 594 821 672 δύναμιν
837 595 880 658 εἰς
897 593 976 671 ὑμᾶς
989 595 1176 676 ἀπήρειςται,

83 697 118 758 καί
133 698 216 762 πάςας
242 699 299 763 τὰς
329 700 455 763 ἐλπίδας
483 698 547 777 ἔχει
573 702 630 774 τῆς
658 699 810 775 ςωτηρίας
839 697 874 761 ἐν
903 699 982 775 ὑμῖν.
1015 696 1061 761 ιὺν
1090 698 1175 774 ὑμεῖς

85 799 152 876 αὑτήν
170 805 205 879 μὴ
230 806 439 880 διαψευςθῆτε
468 806 541 883 νῦν,
566 802 633 865 ἀλλ’
655 801 794 865 ἀπόδοτε
819 805 876 880 μέν
903 808 940 884 τῇ
969 804 1092 880 πατρίδι
1120 803 1177 866 τὰς

86 899 243 980 ὑρμοῐοὺςας
260 907 397 985 χάριτας,
415 906 612 991 φανερὸνδὲ
627 907 718 968 παίειν
736 903 918 982 ἀνθρώποις
934 907 1081 982 ποιήςατε
1098 905 1176 967 διότι

86 1004 121 1065 καί
135 1007 164 1068 τὰ
182 1009 338 1087 πρότερον
357 1008 559 1085 ἐλαττώματα
578 1008 713 1082 γέγονεν
734 1005 772 1069 οὐ
794 1007 846 1069 διὰ
865 1008 902 1070 τδ
922 1007 1097 1084 Ῥωμαίους
1117 1006 1177 1085 χεί-

87 1124 140 1180 ooo<
159 1109 268 1188 ἄνδρας
298 1105 375 1173 εἶναι
400 1111 637 1188 Καρχηδονίων,
666 1109 749 1173 ἀλλὰ
778 1109 817 1174 δι’
841 1110 984 1187 ἀπειρίαν
1011 1114 1077 1173 τῶν
1104 1109 1177 1173 τότε

87 1214 233 1287 μαχομένων
246 1214 296 1276 καὶ
310 1213 361 1276 διὰ
372 1214 427 1278 τὰς
440 1212 552 1276 ἐκτῶν
565 1216 684 1291 καιρῶν
696 1213 893 1290 περιςτάςεις.
918 1211 1047 1275 Ebenso
1060 1212 1088 1275 Ν
1091 1212 1173 1275 ihias

87 1307 123 1372 boi
135 1313 211 1380 Τίιιιο.
227 1316 300 1398 VH,
318 1317 370 1397 64,
387 1317 423 1378 2;
448 1316 498 1379 καί
521 1317 700 1393 ἐνθυμείςθε
723 1315 793 1378 καθ’
811 1316 957 1380 ἑκάςτους
979 1335 1013 1378 τε
1032 1316 1082 1378 καὶ
1101 1317 1175 1393 ξύμ·

88 1431 168 1481 παντες
186 1419 227 1483 ὑπ
248 1420 277 1484 οἱ
301 1422 337 1483 ἐν
355 1423 423 1483 ταῖς
443 1419 554 1482 ναυςλν
574 1419 665 1496 ὑμῶν
688 1421 750 1482 νῦν
769 1417 911 1495 έςόμενοι
934 1419 985 1481 καὶ
1004 1419 1093 1482 πεζοί
1111 1421 1176 1482 τοῖς

83 1504 211 1592 Ἀθηναίοις
238 1523 292 1587 είςὶ
320 1522 370 1585 καί
398 1526 473 1599 νῆες
502 1520 551 1584 καὶ
579 1521 597 1598 ἡ
631 1521 808 1586 ὑπόλοιπος
837 1521 931 1585 πόλις
956 1522 1005 1584 καί
1033 1523 1070 1584 τό
1100 1521 1179 1597 μέγα

89 1611 161 1694 όνομιι
177 1630 235 1688 τῶν
247 1625 402 1704 Ἀθηνῶν,
427 1626 498 1702 περὶ
522 1625 578 1706 ιὺν,
600 1625 628 1689 εί
640 1628 685 1689 τίς
709 1646 736 1688 τι
756 1627 863 1703 ἕτερος
888 1626 998 1703 ἑτέρου
1022 1627 1178 1704 προφέρει

88 1718 231 1813 ὑὲιιιττήμῃ
254 1730 274 1804 ἢ
298 1727 444 1809 εὐψυχίᾳ,
465 1727 523 1791 οὐκ
550 1727 589 1792 ἂν
610 1727 645 1792 έν
669 1727 753 1810 ἄλλῳ
778 1731 899 1804 μᾶλλον
928 1733 1026 1811 καιρῷ
1051 1729 1179 1792 ἀποδει-

90 1821 183 1897 ξάμενος
202 1831 297 1894 αὑτός
320 1850 353 1893 τε
377 1830 462 1912 αὑτῷ
480 1829 642 1909 ὠφέλιμος
662 1832 785 1904 γένοιτο
809 1830 859 1892 καί
883 1833 949 1894 τοῖς
968 1832 1099 1907 ξόμπαςι
1118 1851 1179 1893 τω-

89 1922 170 1997 τήλιος.
190 1970 228 1979 -
256 1932 323 1996 Fiir
350 1932 510 1996 romische
543 1931 737 1996 Gesohiohto
768 1933 913 2015 gowinnt
942 1931 1050 1996 dieser
1076 1932 1179 2015 Topos

8 2104 10 2107 ,
92 2027 126 2090 ίίῐ]
143 2041 254 2119 θροτίολλ
284 2041 462 2104 romischos
486 2039 612 2103 Kolorit
644 2038 747 2103 durch
779 2038 842 2103 don
865 2039 1013 2103 Hinwois
1041 2040 1097 2103 aui
1126 2040 1179 2103 dio

2 2219 5 2221 ‚
21 2140 23 2145 ’
90 2125 237 2214 Gegenwart
253 2143 312 2208 der
324 2143 466 2207 Consuln
479 2143 558 2206 odor
570 2143 627 2206 dos
640 2142 761 2223 senato,
774 2145 870 2205 unior
882 2141 980 2206 deren
993 2145 1110 2224 Augen
1123 2141 1181 2206 dor

88 2241 196 2308 hocine
217 2245 317 2308 Manu
341 2245 471 2327 kompft.
502 2243 544 2308 So
568 2244 728 2307 Aemilius
752 2244 874 2308 Paulus
897 2264 956 2308 vor
975 2243 1103 2308 Cannae
1127 2243 1180 2306 bei

88 2325 133 2398 Pol.
148 2341 194 2428 ΙΠ,
213 2350 286 2430 109,
310 2351 345 2411 1;
376 2352 507 2425 πρῶτον
534 2350 594 2426 γὰρ
623 2349 710 2425 ἡμεῖς
739 2348 915 2428 ἀμφότεροι
943 2350 1108 2427 πόρεςμεν,
1141 2348 1180 2412 οὐ

86 2433 160 2510 μόνον
179 2453 262 2516 αὐτοὶ
286 2453 535 2528 κοινωνήςαντες
555 2453 627 2531 ὑμῖν
649 2457 714 2517 τῶν
739 2451 905 2533 κινδύνων,
930 2452 1008 2515 ἀλλὰ
1032 2452 1081 2514 καί
1104 2453 1179 2515 τοὺς

83 2530 107 2596 ὑί
120 2556 166 2615 τοὺ
182 2556 340 2634 πρότερον
360 2555 451 2621 έτους
471 2558 627 2637 ἄρχοντας
647 2559 789 2636 ἑτοίμους
810 2558 1083 2636 παρεςκευάκαμεν
1099 2558 1181 2634 πρὸς

80 2637 107 2698 ³⁶
125 2656 213 2723 μένειν
231 2661 280 2723 καὶ
304 2660 441 2738 μετέχειν
464 2661 657 2725 τῶναύτῶν
681 2661 827 2736 ἀγώνων.
863 2659 969 2722 Aulus
993 2659 1181 2723 Postumius

77 2747 122 2855 Vis
137 2755 185 2821 dor
202 2760 354 2824 Sohlaoht
368 2779 473 2843 gegon
493 2760 545 2825 dio
563 2761 712 2825 Latinor:
738 2760 830 2825 Dion.
846 2761 918 2824 Hal.
936 2762 1032 2825 Arch.
1046 2762 1101 2842 vl,
1114 2763 1143 2843 9,
1163 2764 1179 2825 l

70 2849 190 2925 μελῑςτον
202 2865 441 2941 παρακέλευςμα
453 2862 499 2927 ὅτι
509 2864 623 2928 πάντες
636 2863 664 2927 οἱ
674 2864 893 2941 πρωτεύοντες
902 2867 961 2927 τοὺ
974 2867 1180 2942 βουλευτικοῦ

66 2951 213 3041 (υνεδρίου
235 2967 382 3044 πάρειςιν.
418 2965 463 3029 Es
487 2967 528 3030 ist
554 2987 636 3047 ganz
660 2966 821 3031 natiiriioh
850 2967 917 3029 und
942 2967 999 3031 der
1023 2967 1182 3030 Situation

62 3051 293 3154 θῙιίΐθριοαδυιιό,
313 3066 375 3131 dass
392 3068 564 3152 Pompeius
584 3069 705 3132 sowohl
724 3069 778 3132 boi
793 3069 906 3133 Luhan
923 3069 970 3133 als
986 3069 1039 3133 bei
1056 3069 1182 3154 Appian

58 3134 160 3230 d¹<³Sos
174 3170 302 3253 spezicll
321 3171 480 3235 romische
498 3172 599 3235 Motiv
624 3171 681 3236 der
699 3173 933 3236 Anwcsonhoit
955 3193 1019 3236 von
1039 3173 1183 3237 Consuln

55 3255 125 3327 und
153 3272 323 3337 Senatoron
352 3275 410 3337 mit
438 3275 509 3339 dom
533 3275 692 3356 HinwciS‚
723 3274 784 3338 dass
813 3275 854 3338 da
881 3275 938 3339 dor
965 3275 1182 3357 rochtmossigo

53 3341 148 3435 δίδοι
166 3376 212 3454 ist,
235 3399 284 3442 wo
309 3378 398 3442 diosc
420 3377 675 3459 Wiirdontrhger
699 3378 821 3454 stolich,
844 3398 946 3461 gogon
973 3378 1090 3441 Cacsar
1109 3398 1182 3442 ous-

54 3443 173 3541 bssuieh
195 3480 238 3544 Er
253 3482 404 3546 ormahnt
420 3502 477 3544 vor
493 3482 549 3545 der
565 3481 716 3545 Sohlaoht
731 3481 784 3544 boi
797 3481 966 3545 Pharsalos
977 3480 1031 3544 boi
1044 3482 1183 3564 Appian.

56 3549 143 3640 Bell
154 3584 206 3649 civ.
218 3585 258 3667 ΙΙ,
274 3587 333 3649 72:
353 3636 359 3648 .
376 3635 383 3648 .
401 3633 407 3647 .
424 3583 641 3660 ἀγωνιζόμεθα
658 3585 733 3660 μετὰ
750 3583 861 3661 νόμων
881 3583 930 3646 καί
947 3584 1042 3662 δόξης
1060 3584 1182 3662 ἀγαθῆς

59 3673 117 3736 ¹0⁸1
137 3689 259 3752 τοιῶνδε
278 3688 410 3766 ἀνδρῶν
433 3690 497 3748 τιὺν
514 3689 572 3762 μὲν
592 3684 655 3747 ἀπὸ
678 3685 800 3763 βοόλητ,
819 3690 882 3749 των
900 3686 929 3749 δ’
945 3686 1079 3766 ἱππέων,
1100 3687 1182 3763 πρὸς

62 3764 164 3860 ἄνδρα
174 3794 225 3855 ἕνα
237 3786 494 3878 ληςτεύονταζτήν
507 3791 683 3868 ἡγεμονίαν.
701 3788 790 3852 Dazu
801 3789 920 3853 Lucan.
930 3789 1040 3852 Phars
1048 3788 1090 3868 ΙΙ,
1101 3789 1182 3849 564:

153 3888 216 3957 Non
239 3895 364 3978 privata
387 3893 487 3974 cupis,
510 3891 655 3955 Romana
678 3891 825 3973 quisquis
850 3891 885 3952 in
909 3889 990 3954 urbo

153 3990 332 4082 Pompeium
358 3996 494 4059 transire
517 4015 624 4078 paras:
650 3995 726 4060 hino
750 3995 861 4059 consul
886 4000 1032 4076 uterque,
