3236 4920
245 393 297 449 Die
316 393 520 461 παρακλητικοί
538 393 568 448 in
586 393 635 448 ἀει
654 393 849 462 griechischen
867 409 894 448 υ.
907 397 976 448 τὸτπ.
989 395 1137 450 Literalur.
1214 389 1255 452 81

130 569 277 631 wiihren:
306 565 405 630 Thue.
421 566 462 647 11,
479 567 531 648 89,
548 567 568 629 8
586 566 644 630 τὸν
664 567 700 628 δέ
720 565 830 640 ἀγῶνα
850 565 908 630 οὐκ
928 565 963 630 ἐν
981 572 1027 650 τῷ
1046 567 1158 652 κόλπῳ
1175 569 1258 634 ἑκὼν

15 747 16 760 ¹
130 666 206 734 εἶναι
227 671 395 748 ποιήςομαι
420 667 489 732 οὐδ’
507 669 710 746 ἐςπλεύςομαι
734 667 765 731 ἐς
789 668 897 733 αὐτόν.
931 669 1000 746 ὁρῶ
1023 671 1084 749 γὰρ
1109 670 1155 736 &n
1174 675 1257 752 πρὸς

129 774 247 838 πολλὰς
263 776 342 836 ναῦς
358 773 603 850 ἀνεπιστήμονα(
624 771 742 847 ὀλίγαις
760 773 867 835 ναυςὶν
886 771 1043 851 ἐμπείροις
1061 777 1110 839 καλ
1129 773 1258 854 ἄμεινον

130 875 296 940 πλεούςαις
319 876 338 953 ἡ
363 875 555 954 ςτενοχωρία
578 872 617 938 οὐ
642 874 798 953 ξυμφέρει.
829 873 982 952 οὔτεγὰρ
1007 875 1048 940 ἀν
1071 877 1258 944 ἐπιπλεύςειέ

129 1001 174 1045 πς
197 981 240 1044 ὼς
264 980 324 1057 χρή
350 979 383 1042 ἐς
406 977 543 1056 ἐμβολὴν
567 980 606 1056 μή
635 975 720 1055 ἔχων
743 978 801 1053 τὴν
825 977 987 1057 πρδςοψιν
1009 973 1075 1045 τῶν
1099 981 1258 1059 πολεμίων

131 1083 165 1146 ἐκ
180 1083 313 1158 πολλοῦ,
329 1079 403 1145 οὔτε
419 1080 461 1144 ἂν
479 1079 715 1158 ἀποχωρήςειεν
732 1078 767 1142 ἐν
784 1080 889 1144 δέοντι
904 1083 1097 1161 πιεζόμενος.
1121 1085 1259 1149 διέκπλοι

130 1207 163 1250 τε
177 1185 236 1248 οὒκ
252 1185 325 1248 εἰςίν
343 1184 421 1247 οὐδὲ
437 1183 645 1264 ἀναςτροφαί,
661 1181 742 1259 άπερ
755 1185 840 1247 νεῶν
857 1177 986 1260 ἄμεινον
1001 1189 1168 1252 πλεουςῶν
1181 1187 1260 1265 ἔργα

130 1289 216 1369 ἐςτίν,
236 1286 302 1351 ἀλλ’
319 1286 439 1362 ἀνάγκη
460 1285 501 1348 ἂν
517 1284 563 1364 εἴη
578 1287 636 1361 τήν
652 1287 829 1362 ναυμαχίαν
845 1290 1038 1366 πεζομαχίαν
1055 1291 1259 1374 καθίςταςθαι,

130 1393 178 1454 καὶ
201 1391 366 1472 ἐντούτῳ
391 1388 421 1451 αἱ
444 1389 571 1451 πλείους
594 1391 668 1464 νῆες
691 1388 851 1464 κρείςςους
873 1390 1042 1464 γίγνονται.

219 1493 334 1556 Genau
354 1490 544 1574 umgekehrt
565 1489 620 1552 fiir
638 1489 784 1552 Athener
801 1489 869 1552 und
892 1490 1162 1576 Lacedaemonier
1181 1496 1261 1580 liegt

130 1595 182 1661 die
205 1595 366 1660 situation
388 1613 449 1658 νοτ
472 1592 530 1660 der
551 1593 685 1656 zweiten
710 1591 917 1658 Seesehlacht
940 1595 992 1660 bei
1016 1597 1166 1678 SyrakuS.
1198 1597 1260 1662 Die

131 1701 283 1781 Athenon
307 1699 342 1761 in
359 1697 421 1760 den
443 1696 550 1760 Hafen
568 1695 855 1779 zuriiekgedriingt,
879 1703 1010 1762 miissen
1029 1700 1099 1764 sich
1123 1702 1179 1764 auf
1197 1701 1260 1765 den

130 1803 273 1868 Schiffen
292 1802 354 1865 wie
369 1821 411 1865 zu
426 1801 517 1865 einer
532 1797 770 1862 Landschlaoht
784 1801 905 1882 riisten‚
926 1801 992 1864 und
1012 1803 1070 1866 der
1084 1803 1260 1869 feindh'ehe

130 1906 284 1970 Feldherr
312 1903 467 1986 Gylippos
498 1901 638 1966 verfehlt
667 1899 765 1982 nicht,
798 1901 886 1966 diese
914 1903 1000 1989 Lago
1030 1905 1088 1970 der
1115 1907 1262 1973 Athener

129 2009 164 2072 in
187 2009 310 2073 seinem
334 2005 564 2084 παρακλητικός
586 2023 626 2066 zu
650 2003 762 2067 seinen
788 2005 934 2070 Gunsten
958 2012 1196 2075 auszubeuten:

240 2123 331 2188 Rede
355 2121 411 2184 des
435 2119 563 2184 Nikias:
808 2119 897 2186 Rede
921 2123 977 2188 des
1002 2125 1174 2210 Gylippos:

172 2227 271 2291 Thuc.
288 2223 366 2306 VII,
387 2225 429 2287 62
454 2225 474 2288 ἃ
498 2226 533 2287 δέ
559 2218 670 2302 ἀρωγά
767 2222 864 2288 Τλυο.
877 2225 949 2310 VII,
964 2229 1014 2311 67,
1032 2231 1082 2294 2f.
1105 2233 1143 2296 τά
1158 2253 1191 2296 τε
1206 2237 1262 2312 τῆς

131 2331 290 2406 ἐνείδομεν
321 2329 369 2391 ἐπὶ
396 2334 433 2410 τῇ
456 2329 515 2390 τοῦ
544 2327 669 2403 λιμένος
724 2325 946 2404 ἀντιμιμήςεως
968 2334 1074 2398 αὐτῶν
1090 2340 1145 2414 τῆς
1160 2359 1261 2417 παρα-

132 2433 284 2510 ιτενάτητι
314 2433 396 2509 πρὸς
424 2431 481 2494 τὸν
515 2430 669 2507 μέλλοντα
724 2435 833 2507 ςκευής
856 2433 945 2510 ἡμῶν
968 2441 1012 2518 τῷ
1039 2442 1095 2516 μὲν
1119 2441 1261 2525 ἡμετέρῳ

130 2533 226 2614 ἀχλον
254 2539 322 2598 τῶν
353 2537 436 2598 νεῶν
468 2533 589 2596 ἐςεςβαι
619 2533 668 2595 καὶ
721 2532 831 2616 τρόπῳ
851 2539 969 2618 ξυνήθη
993 2541 1026 2602 τέ
1050 2541 1110 2606 ἐςτι
1133 2547 1183 2608 καὶ
1204 2545 1262 2609 οὐκ

130 2639 207 2716 πρὸς
218 2639 278 2714 τήν
291 2635 421 2700 ἐκείνων
434 2636 482 2698 ἐπὶ
493 2640 559 2698 τῶν
575 2655 669 2698 κατα·
722 2633 913 2714 άνάρμοςτοι
924 2643 1004 2718 πρὸς
1011 2645 1262 2726 τήντὲχνηνὲκά-

130 2741 324 2818 (τρωμάτων
365 2741 579 2819 παραςκευήν,
620 2735 667 2802 ολ(
722 2759 793 2816 ςτην
807 2739 910 2804 αὐτῶν
924 2744 1067 2822 ἐςάμεθα.
1081 2751 1110 2813 οἱ
1127 2752 1164 2834 δ’,
1181 2754 1262 2820 ἐπει-

129 2844 287 2920 πρδτερον
312 2841 538 2922 ἐβλαπτόμεθα,
565 2843 668 2904 πάντα
723 2843 783 2904 δὰν
798 2845 909 2908 πολλοὶ
921 2849 977 2922 μὲν
995 2848 1115 2914 ὁπλῖται
1132 2852 1261 2921 ἐπὶτῶν

131 2947 176 3008 καὶ
191 2945 265 3022 ἡμῖν
281 2947 343 3009 νῦν
363 2945 476 3008 ἐκτῶν
495 2944 668 3022 παρόντων
722 2948 994 3030 καταςτρωμάτων
1009 2955 1097 3031 παρά
1113 2957 1148 3019 τὸ
1170 2965 1262 3024 καθε-

131 3049 283 3123 μετὰτῶν
303 3051 508 3126 κυβερνητῶν
525 3047 667 3124 ἐςκεμμὲ·
722 3049 831 3124 ετηκὸς
848 3048 910 3132 ὡςι,
927 3056 1039 3118 πολλοὶ
1056 3060 1091 3121 δὲ
1104 3060 1154 3124 καὶ
1167 3061 1261 3126 ἀκον-

130 3169 167 3213 να
187 3151 375 3228 ἡτοίμασται.
399 3151 522 3228 καὶγὰρ
543 3151 667 3216 τοξόται
720 3153 821 3233 τιςταί,
837 3159 972 3231 χερςαῑοι
991 3157 1036 3222 ὡς
1051 3161 1146 3226 εἰπεῖν
1157 3158 1261 3243 Ἀκαρ-

130 3255 241 3316 πολλοὶ
257 3255 307 3315 καὶ
319 3253 494 3316 ἀκοντιςταὶ
507 3251 668 3329 ἐπιβήςον-
721 3255 815 3320 νάνές
842 3277 876 3321 τε
906 3261 955 3322 καί
983 3259 1072 3326 ἄλλοι
1103 3265 1152 3328 ἐπὶ
1181 3271 1260 3334 ναῦς

129 3373 173 3418 ται
193 3357 242 3418 καὶ
262 3354 359 3434 ὄχλος
378 3351 405 3437 ᾦ
421 3355 595 3434 ναυμαχίαν
612 3359 666 3434 μέν
721 3356 905 3443 ἀναβάντες,
925 3363 955 3425 οἳ
974 3364 1044 3428 οὐδ’
1062 3367 1151 3434 ὅπως
1170 3377 1260 3438 καθε-

130 3458 313 3535 παιούμενοι
337 3459 372 3521 ἐν
395 3457 521 3535 πελάγει
545 3459 604 3524 οὐκ
626 3459 667 3524 ἂν
721 3461 874 3537 Ζομένους
889 3467 948 3544 χρή
968 3469 1004 3531 τὸ
1025 3471 1116 3548 βέλος
1132 3474 1260 3552 ἀφεῖναι

131 3559 295 3638 ἐχρώμεθα
310 3561 409 3624 διὰτὸ
423 3562 566 3640 βλάπτειν
577 3561 616 3626 ἂν
627 3565 664 3628 τὸ
720 3563 891 3648 εὑρήςουςι,
914 3575 984 3634 πως
1003 3571 1041 3635 οὐ
1059 3578 1210 3652 ςφαλοῡςί
1226 3597 1260 3642 τε

129 3666 181 3740 τῆς
201 3663 365 3742 ἐπιστήμης
383 3671 419 3747 τῇ
440 3665 583 3744 βαρίπηπ
601 3671 666 3730 τῶν
720 3669 775 3731 τὰς
800 3673 880 3734 ναῦς
904 3673 953 3736 καὶ
978 3673 1013 3738 ἐν
1033 3678 1132 3754 ςφίςιν
1152 3679 1259 3745 αὐτοῖς

130 3771 220 3848 νεῶν,
240 3765 276 3829 ἐν
296 3769 333 3830 δέ
348 3772 385 3848 τῇ
402 3767 516 3832 ἐνθάδε
532 3769 666 3846 ήναγκα-
720 3769 837 3836 πάντες
851 3773 908 3838 οὐκ
921 3775 956 3838 ἐν
967 3782 1014 3860 τῷ
1030 3779 1136 3844 αὐτῶν
1148 3781 1258 3868 τρόπῳ

130 3871 220 3952 ςμένῃ
237 3869 302 3932 ἀπὸ
317 3873 383 3932 τῶν
395 3875 478 3934 νεῶν
491 3875 666 3956 πεζομαχίᾳ
721 3877 900 3953 κινούμενοι
912 3881 1113 3959 ταράξονται;
1128 3883 1193 3948 ἐπεί
1209 3886 1259 3950 καλ

130 3971 400 4051 πράςφοραέςται.
414 3972 544 4052 ηὕρηται
555 3974 665 4052 δ’ἡμῖν
719 3983 765 4062 τῷ
784 3981 895 4058 πλήθει
913 3986 978 4045 τῶν
995 3987 1080 4047 νεῶν
1099 3985 1157 4048 οὐκ
1174 3986 1258 4066 ὠφε-

132 4070 186 4136 δςα
209 4076 271 4152 χρὴ
293 4073 592 4158 ἀνπναυπηγείςθαι,
616 4080 666 4141 καὶ
720 4084 875 4166 λήςονται,
895 4084 923 4148 εί
937 4105 980 4150 πε
999 4087 1048 4150 καί
1066 4087 1141 4152 τόδε
1160 4089 1257 4174 ὑμῶν,

130 4177 206 4252 πρὸς
222 4177 281 4240 τὰς
298 4181 365 4240 τῶν
381 4179 544 4245 ἐπωτίδων
560 4183 666 4248 αὐτοῖς
720 4183 767 4248 ὅτι
780 4184 838 4248 οὒκ
849 4185 927 4251 ίςαις
939 4193 1138 4272 ναυμαχήςει,
1154 4193 1258 4272 πεφά-

130 4281 324 4359 παχύτητας,
358 4279 444 4363 ᾧπερ
473 4286 511 4362 δὴ
540 4285 665 4362 μάλιςτα
721 4291 817 4366 βηται.

179 4417 244 4472 xm,
257 4416 281 4461 2.
1096 4417 1112 4471 6
