2872 4822
219 367 407 436 Quaestiones
427 367 543 424 criticae
562 368 592 422 in
610 368 808 437 Aristophanis
827 368 947 424 tabutas.
1087 363 1155 427 227

1 527 2 530 “
60 540 114 604 Cau
127 541 263 625 Iuppiter
285 540 374 606 nulla
391 540 426 604 in
444 539 554 604 fabula
572 544 681 604 nostra
700 541 742 603 sit
760 559 905 623 persona
928 540 1069 606 dubitari
1091 562 1157 605 non

1 667 2 694 ι
58 650 134 726 potest,
155 646 233 727 quin
256 645 304 707 illi
327 646 407 708 τινὲι
427 643 507 707 haec
531 643 630 706 verba
648 642 727 706 falso
747 642 817 706 Iovi
836 642 1016 708 tribuerint.
1040 647 1157 726 Atque

58 746 116 810 haud
132 749 192 812 scio
217 768 258 811 au
283 748 363 811 haec
386 746 548 810 adnotatio
573 746 649 809 inde
673 747 831 828 originem
855 745 993 827 duxerit
1011 747 1099 830 quod
1121 749 1155 810 in

1 838 3 910 ἶ
57 868 137 913 sacua
162 850 259 914 simili
287 849 419 913 alterius
442 849 545 931 Facie,
569 869 633 931 qua
656 854 826 913 retractata
848 855 991 912 nostram
1009 849 1156 914 fabulam

1 974 2 987 ι
57 959 127 1016 ortam
145 973 211 1018 esse
234 953 289 1016 Th.
307 952 471 1033 Zielinsky
496 953 530 1015 in
561 951 642 1015 libro
665 971 733 1031 sno,
757 953 812 1034 qui
838 952 1040 1015 inscribitur:
1067 952 1154 1017 “Die

57 1054 214 1139 Gliederung
242 1056 301 1120 der
329 1055 530 1119 altattischen
562 1053 749 1137 Komodie'’‚
780 1075 809 1137 p.
831 1056 871 1117 63
886 1074 953 1137 sqq.
982 1055 1153 1119 ostendere

57 1163 153 1223 aratus
175 1167 230 1242 est,
247 1160 318 1223 Iovi
341 1164 447 1242 partes
466 1159 547 1222 Belli
571 1159 662 1222 datae
685 1161 785 1222 erant.
810 1157 857 1221 of.
882 1160 978 1222 etiam
1001 1158 1151 1222 Herwer·

57 1259 141 1327 denum
166 1265 198 1326 in
227 1263 425 1347 praefatione
453 1262 605 1327 editionis
628 1280 706 1325 suae
729 1282 758 1344 p.
775 1261 825 1326 Xl
849 1261 889 1324 de
914 1280 1008 1325 versu
1032 1267 1152 1325 nostro.

118 1366 195 1429 lnv.
213 1369 277 1429 317
298 1368 339 1441 ἢν
360 1364 443 1432 ἅπαξ
467 1365 499 1428 ἐ(
523 1369 630 1443 χεῖρα(
651 1366 727 1445 ἔλθῃ
746 1367 801 1428 τὰ(
820 1365 904 1442 ἐμάς.
930 1365 979 1428 ἰοὺ
1000 1365 1048 1428 ἰοὺ
1068 1364 1138 1445 (RV

57 1464 111 1530 illud
129 1471 170 1533 ἰοὺ
193 1472 241 1535 ἰοὺ
267 1469 365 1532 choro
384 1468 568 1531 tribuerunt
590 1468 657 1531 RV.
682 1467 811 1531 Scholia
837 1467 896 1531 RV
920 1467 1087 1550 praebent:
1112 1469 1149 1529 πο

57 1567 231 1636 iudiciove(
254 1576 314 1635 τοῦ
338 1574 438 1650 χοροῦ
458 1572 551 1650 φαεὶν
572 1567 647 1635 εἶναι
666 1568 754 1650 (εἶναι
774 1590 834 1633 om.
851 1570 880 1634 R
895 1589 958 1634 sec.
982 1569 1149 1649 liutheri).

57 1667 106 1734 Ha
120 1674 346 1740 interiectionos
364 1678 430 1737 tam
446 1679 521 1736 sunt
537 1673 714 1737 dolentium
731 1693 827 1757 quam
845 1673 1068 1737 exultantium.
1085 1671 1150 1735 Do-

57 1770 158 1840 lart'bua
178 1780 205 1842 si
229 1777 426 1858 tribuuntur,
453 1777 511 1858 ἰού,
535 1777 587 1839 sin
610 1775 841 1856 exultantibus
866 1776 917 1840 ἰοῦ
941 1775 1151 1839 scribendum

58 1881 225 1944 essesoholia
248 1880 346 1943 stulte
365 1879 525 1943 adnotant.
561 1878 656 1942 Haud
681 1879 780 1961 igitur
802 1880 920 1941 mirum
944 1883 993 1942 est
1015 1877 1056 1941 ab
1080 1877 1151 1941 aliis

57 1975 168 2064 llygaeo,
195 1983 234 2048 ab
264 1983 336 2046 aliis
364 1983 461 2046 choro
490 1981 643 2045 tributam
671 2001 743 2046 esse
767 1982 850 2045 hano
874 1981 1150 2045 exclamationem.

59 2077 130 2154 Quam
144 2086 204 2169 RV,
223 2089 280 2170 qui
300 2089 350 2150 lob
370 2086 419 2149 iob
436 2085 598 2167 exhibent,
618 2087 689 2149 iure
706 2086 804 2149 choro
822 2086 981 2149 exultanti
997 2083 1149 2148 tribuisse

58 2199 88 2242 or
106 2206 182 2253 versu
204 2192 269 2254 345
294 2190 449 2271 sequitur.
482 2187 534 2252 Ad
562 2188 639 2251 istas
664 2189 750 2252 enim
775 2188 865 2251 chori
890 2187 1149 2267 exclamationes

58 2286 142 2364 quibus
160 2293 311 2356 laetitiam
334 2311 426 2355 suam
450 2291 598 2372 ostendit,
616 2291 753 2373 ‘lrygaei
777 2291 875 2354 verba
897 2291 931 2353 in
956 2290 1009 2354 illo
1034 2310 1146 2354 versu:

58 2386 140 2456 ἑξέααι
156 2397 222 2460 πόθ’
241 2398 312 2474 ὑμῖν
338 2433 379 2441 -
404 2396 454 2458 ἰοῦ
480 2395 529 2459 ἰοῦ
554 2396 735 2472 κεκραγέναι
759 2395 945 2477 respiciunt.

122 2495 149 2560 V.
164 2501 223 2562 536
248 2499 346 2581 vulgo
371 2499 418 2562 sic
441 2498 573 2581 legitur:
594 2498 715 2561 κόλπου
736 2501 894 2573 γυναικῶν
914 2501 1150 2575 διατρεχουεῶν

60 2588 90 2654 tl<
109 2596 195 2678 ἀγρόν.
224 2602 330 2666 Sohol.
355 2601 384 2660 V
410 2599 649 2664 animadve1tit:
680 2600 834 2678 γράφεται
863 2601 906 2664 εἰ(
934 2601 1037 2665 ἰπνὸν.
1079 2602 1149 2679 Qua

61 2697 121 2761 varia
137 2706 287 2789 scriptura
315 2706 348 2768 et
375 2704 473 2767 schol.
498 2703 727 2786 explicatione:
761 2703 827 2766 ἐπεὶ
855 2703 933 2767 ὅταν
956 2707 1041 2768 πολὺ
1066 2710 1150 2772 (ταῖς

61 2802 187 2889 1λλλῑιυον,
215 2808 326 2882 ὀλίγον
350 2828 377 2870 τι
401 2808 601 2870 κολπώεαιαι
628 2810 686 2869 τοῦ
716 2810 849 2885 χιτῶνα(
874 2807 908 2870 ἐκ
931 2812 1148 2886 περιζώματα(

62 2895 102 2962 ἐκεῖ
115 2904 260 2975 ἐντιθὲοαν
281 2909 425 2973 Kockius
445 2908 600 2992 pellectus
620 2912 677 2988 est
701 2912 739 2971 ut
755 2909 873 2972 κόλπου
889 2915 1048 2984 γυναικῶν
1065 2916 1149 2976 (ταῖς

62 3015 184 3078 uocaui
208 3015 251 3078 εἰ(
277 3014 369 3076 ἰπνὸν
395 3012 566 3075 coniceret
590 3011 681 3074 Haec
706 3013 849 3092 mutatio,
874 3017 911 3075 ut
930 3013 1096 3094 ingeniosa
1116 3019 1149 3077 et

60 3108 229 3181 Speciosam:
252 3116 392 3198 reposito
417 3114 617 3179 substantivo
642 3119 724 3179 (παῖε
749 3115 801 3195 (de
826 3135 889 3196 quo
915 3115 955 3178 cf.
975 3117 1007 3179 Z.
1027 3119 1082 3181 Ar.
1103 3117 1146 3180 St.

60 3218 79 3280 l·
91 3208 119 3273 94
132 3218 164 3279 ad
181 3219 237 3302 Eq.
256 3221 342 3300 539),
366 3220 414 3282 sic
434 3222 519 3282 certe
539 3237 652 3301 parum
671 3217 847 3300 probabilis
866 3218 1003 3299 videtur,
1028 3221 1146 3302 quippe

60 3322 115 3384 luat
134 3322 221 3385 nimis
250 3322 358 3385 audax
386 3323 435 3385 sit
465 3322 532 3384 Alii
557 3321 663 3384 critici
687 3322 720 3382 in
741 3321 862 3385 κόλπον
887 3340 957 3385 sese
981 3323 1147 3386 offendere

57 3413 150 3486 professi
176 3425 258 3488 hanc
287 3445 400 3489 vocem
427 3424 515 3487 vario
545 3423 640 3487 modo
671 3423 705 3484 iu
731 3424 861 3504 κτύπου,
891 3427 1009 3505 κώμου,
1035 3424 1146 3505 ὄχλου,

56 3510 132 3603 πόκον,
148 3528 268 3608 κόπρου
289 3527 462 3592 emendare
481 3531 514 3590 et
531 3531 656 3590 mutare
672 3526 854 3590 voluerunt.
872 3526 934 3591 Sed
951 3546 992 3591 oe
1010 3527 1060 3590 his
1077 3529 1147 3608 qui·

55 3607 104 3681 don
115 3631 346 3694 medicamentis
364 3650 444 3714 opus
460 3633 522 3709 est:
548 3649 688 3712 namque
705 3629 904 3712 aptissimam
925 3629 1056 3713 praebet
1074 3650 1147 3694 sen-

54 3714 147 3794 ttitiam
168 3735 298 3816 vulgata
321 3734 417 3797 lectio
437 3754 456 3797 a
474 3733 622 3797 blazonio
641 3751 747 3815 nuper
765 3733 800 3794 in
819 3733 924 3797 adnot.
944 3733 984 3796 ad
1004 3733 1033 3799 h.
1050 3753 1078 3796 v.
1098 3734 1146 3796 sic

53 3813 107 3891 bene
124 3834 287 3900 illustrata:
314 3835 381 3900 “Le
406 3840 482 3900 vent
501 3837 540 3901 de
560 3836 590 3899 la
609 3855 723 3899 course
747 3835 807 3898 fait
828 3836 963 3919 plaquer
985 3856 1042 3900 sur
1060 3836 1146 3900 leurs

51 3926 167 4002 ltitunos
185 3941 274 4004 leurs
293 3939 389 4003 robes
407 3939 538 4022 legeres,
558 3959 623 4002 aux
643 3957 732 4019 yeux
752 3938 873 4019 grivois
893 3937 937 4001 du
955 3938 1108 4020 vigneron
1129 3943 1147 4001 a

51 4032 127 4102 unitio
138 4042 234 4106 irre”.
259 4042 377 4124 Neque
397 4043 539 4106 alienum
559 4045 608 4105 est
623 4041 678 4104 Ec.
696 4041 759 4103 963
769 4060 836 4122 sqq.
853 4043 949 4120 φίλον
972 4043 1033 4119 γὰρ
1050 4041 1083 4103 ἐν
1100 4046 1145 4122 τῷ

49 4135 78 4211 (λ)
90 4143 222 4224 βούλομαι
241 4147 357 4230 κόλπῳ
373 4147 586 4225 πληκτίζεεθαι
602 4147 677 4222 μετὰ
692 4149 748 4221 τῆς
764 4149 818 4222 κῆ(
834 4148 935 4220 πυγῆ(
952 4162 1145 4225 comparare,

48 4238 131 4313 tuitus
148 4248 281 4313 verbum
302 4249 423 4312 adino(
441 4250 551 4311 nostro
566 4247 636 4309 loco
653 4266 718 4309 uon
734 4247 880 4329 ineptum
897 4264 966 4309 esse
983 4245 1145 4307 docemur.

986 4368 1035 4422 15*
