3248 4910
382 389 425 453 30
807 399 842 453 M.
862 400 1083 468 Heiuemanu,

383 568 488 632 virum
516 567 669 652 epistulas
701 589 830 654 quoque
861 572 1030 636 amatorias
1059 571 1152 654 quasi
1184 569 1527 655 praeexercitameuta

381 671 560 736 rhetoricae
584 673 661 736 artis
690 674 908 758 composuisse
930 673 1025 738 nobis
1048 673 1228 739 verisimile
1254 671 1412 737 videtur.
1441 670 1528 735 liele

381 774 479 838 sermi
499 775 652 858 epistulas
673 774 789 840 Suidas
808 776 918 842 affert:
943 777 1143 856 Μελήεερμο(
1160 778 1355 856 Ἀθηναῖοι,
1380 775 1528 854 εοφισήι.

381 877 523 956 ἔγραψεν
546 879 753 944 ἐπιετολῶν
777 880 974 958 ἑταιρικῶν
999 883 1096 960 βίβλια
1120 881 1161 943 ιδ’
1184 882 1238 944 καὶ
1263 880 1470 958 ἀγροικικῶν
1490 878 1527 956 ἓν,

382 986 567 1059 μαγειρικῶν
587 981 760 1047 ἐπιετολῶν
785 984 828 1064 ἕν,
852 987 1060 1062 ετρατηγικῶν
1080 985 1201 1062 βιβλίον
1227 983 1276 1064 ἕν,
1303 985 1529 1059 ευμποιιιιιιῶν

382 1085 500 1162 βιβλίον
515 1085 559 1149 ἔν.
578 1083 669 1148 Idem
682 1083 798 1149 Suidas
814 1104 873 1150 nos
890 1083 930 1150 do
942 1085 1067 1150 Zonaeo
1083 1087 1244 1150 certiores
1260 1085 1370 1149 facit:
1390 1084 1529 1148 Ζιιιναῐικ

381 1186 521 1265 ἔγραψεν
541 1186 692 1266 ἐρωτικὰ(
715 1186 879 1253 ἐπιετολάε
982 1190 1134 1269 φέρονται
1156 1192 1194 1254 δὲ
1218 1189 1332 1254 αὐτοῦ
1359 1190 1413 1252 καὶ
1436 1189 1527 1264 ἕτεραι

380 1288 536 1354 ἑπιιτολαὶ
546 1289 732 1368 ἀγροικικαί·
745 1289 814 1355 ἀλλ’
824 1291 1030 1356 ἀποπίπτουει
1041 1293 1100 1356 τοῦ
1114 1296 1342 1372 χαρακτῆρος.
1370 1290 1528 1354 Zonaeum

380 1392 468 1456 hunc
486 1390 632 1472 Rohde1)
650 1393 825 1476 sophistam
843 1393 1009 1477 intellegit
1033 1393 1088 1476 qui
1108 1393 1227 1476 quinto
1253 1415 1285 1478 p.
1307 1394 1391 1459 Chr.
1414 1413 1446 1456 ιι
1468 1409 1529 1456 sae

381 1493 454 1559 culo
477 1494 623 1578 florebat,
647 1495 813 1578 aequalem
838 1497 1041 1561 Aristaeneti.

469 1601 650 1685 Hucusque
674 1601 713 1667 ds
733 1603 921 1686 fragmentis
940 1603 1167 1668 amatoriarum
1187 1605 1430 1688 epistularum,
1454 1619 1528 1685 qnae

380 1724 399 1768 a
417 1704 599 1769 rhetoribus
618 1706 755 1788 propriis
777 1704 896 1770 libellis
915 1706 1019 1770 editae
1037 1711 1120 1771 sunt.
1161 1705 1288 1789 Restat,
1316 1710 1361 1772 nt
1386 1725 1444 1770 eas
1465 1723 1530 1788 per·

378 1809 562 1892 lustremus
586 1828 668 1892 quae
691 1810 726 1872 in
749 1809 839 1874 libris
862 1811 1024 1876 historicis
1047 1811 1099 1875 vel
1121 1810 1248 1876 fabulis
1272 1810 1528 1877 romanensibus

379 1912 519 1977 insertae
547 1915 630 1995 sunt,
654 1931 804 1977 necnon
827 1915 994 1996 poetarum
1019 1913 1170 1996 carmina,
1195 1933 1285 1996 quae
1312 1913 1527 1998 epistularum

379 2015 516 2079 turmam
545 2015 720 2080 imitentur.
758 2015 858 2080 Recte
881 2015 988 2080 Hirael
1013 2016 1048 2078 iu
1070 2015 1163 2098 libro,
1189 2035 1294 2099 quem
1327 2017 1373 2082 de
1399 2015 1525 2097 Dialogo

379 2117 509 2202 scripsit
531 2117 558 2200 (I
576 2137 606 2201 p.
621 2118 710 2196 302),
735 2117 904 2200 epistulam
927 2117 1074 2183 similiter
1101 2124 1200 2200 atque
1227 2121 1422 2184 orationem
1449 2119 1529 2181 inter

379 2223 567 2284 ornamenta
586 2218 771 2298 historiam)
788 2219 891 2283 tuisse
912 2219 1022 2302 credit,
1040 2219 1234 2303 priusquam
1252 2224 1435 2306 proprium
1449 2220 1524 2283 litte

378 2342 488 2386 rarum
518 2341 622 2405 genus
651 2322 806 2405 epistulae
836 2322 1012 2387 efficerent.
1050 2322 1167 2404 Itaque
1198 2323 1237 2386 in
1269 2323 1409 2389 Ctesiae
1437 2339 1525 2406 opere

378 2425 604 2491 inveniebatur
627 2425 764 2508 epistula
787 2426 940 2490 amatoria
968 2445 1070 2508 eaque
1093 2428 1161 2490 arte
1186 2425 1366 2492 rhetorica
1389 2425 1524 2510 expohta

378 2528 429 2607 (of.
446 2527 647 2592 Demetrium
667 2530 737 2607 περὶ
756 2527 917 2606 ἑρμηνείας
941 2547 1008 2612 cap.
1022 2529 1095 2592 212.
1112 2528 1201 2610 213).
1229 2529 1426 2614 Stryaglius
1445 2528 1523 2592 enim

378 2631 506 2695 illectus
535 2649 643 2694 amore
666 2629 811 2694 mulieris
834 2628 980 2712 Sacceoe,
1009 2649 1091 2713 quae
1113 2649 1206 2695 more
1232 2633 1451 2696 Amazonum
1472 2647 1523 2691 usa

378 2732 538 2817 particeps
567 2731 763 2816 proeliorum
791 2750 864 2795 curn
888 2751 925 2796 eo
949 2751 1120 2816 congressa
1143 2735 1202 2815 est,
1233 2735 1349 2800 victae
1374 2732 1521 2818 deperiit;

379 2854 455 2900 cum
482 2836 517 2898 in
547 2835 700 2918 cupidine
733 2833 814 2896 nihil
842 2835 1024 2917 profecerit,
1057 2832 1098 2898 ad
1129 2834 1312 2901 mulierem
1342 2838 1433 2901 hanc
1463 2833 1523 2916 epi-

378 2936 494 3000 stulam
515 2936 656 3019 scripsit:
681 2937 764 3010 Ἐγὼ
784 2939 841 3014 μὲν
860 2939 892 3000 (ἑ
911 2935 1020 3014 eruce,
1044 2938 1093 3000 καὶ
1116 2937 1153 3000 cb
1174 2939 1235 3014 μὲν
1259 2940 1315 3004 διά
1336 2961 1377 3019 με
1400 2939 1521 3013 truatur,

378 3039 442 3114 ἐγὼ
463 3041 499 3103 δὲ
518 3039 569 3102 διὰ
588 3041 620 3101 (ἑ
639 3037 814 3116 ἀπωλόμην
824 3038 857 3118 ³),
877 3057 940 3120 qua
960 3037 1096 3121 epistula
1113 3037 1156 3120 id,
1177 3040 1270 3121 quod
1292 3060 1339 3106 ex
1356 3039 1520 3124 Lysianeis

379 3141 525 3224 epistulis
549 3140 777 3221 conclusimus
801 3139 1017 3204 confirmatur.

361 3303 363 3308 .
469 3247 532 3313 Sed
550 3248 585 3310 in
603 3247 715 3330 primis
734 3245 887 3330 epistulas
905 3248 1074 3311 amatorias
1092 3246 1185 3312 libris
1203 3249 1362 3319 inserere
1383 3247 1520 3315 solebant

378 3351 549 3434 scriptores
577 3348 760 3413 fabularum
790 3353 1043 3434 romanensium,
1073 3371 1214 3434 quarum
1246 3357 1516 3440 antiquissimam,

379 3473 458 3536 quas
477 3453 608 3536 quidem
628 3454 822 3532 noverimus,
842 3452 914 3518 dico
933 3455 1096 3518 historiam
1115 3454 1205 3538 Nini,
1226 3458 1340 3540 primo
1362 3481 1390 3523 a.
1408 3457 1475 3523 Chr.
1489 3473 1514 3516 ιι.

378 3557 508 3622 saeculo
520 3576 585 3620 non
597 3557 811 3621 recentiorem
823 3577 894 3622 esse
906 3557 1138 3623 demonstravit
1153 3557 1341 3627 Udulricus
1354 3561 1516 3637 Willren‘t

378 3681 594 3693 ——u

472 3743 493 3810 ¹)
511 3743 566 3797 Der
584 3741 688 3811 griech.
708 3742 838 3797 Roman⁸
857 3760 883 3813 p.
896 3743 958 3811 369,
972 3744 996 3797 1.

468 3831 491 3901 ⁸)
516 3829 556 3885 Ct.
580 3829 702 3900 exempli
726 3831 817 3900 gratia
844 3832 919 3902 apud
942 3831 1131 3903 Thucydidem
1156 3833 1215 3901 (vn
1236 3836 1346 3908 Bsqq.)
1375 3835 1512 3908 epistulam

378 3921 476 3977 Niciae
493 3924 521 3976 et
534 3921 608 3990 apud
621 3921 815 3990 Xenophontis
829 3921 1032 3992 Cyropaediam
1045 3921 1089 3992 (lv
1102 3923 1128 3989 b,
1141 3923 1198 3992 27),
1217 3941 1278 3994 qno
1292 3927 1390 3997 Cyrus
1403 3921 1511 3998 cymmi

379 4010 506 4065 scribens
525 4009 675 4066 inducitur.

469 4100 491 4168 8)
510 4099 636 4154 Eandem
655 4099 803 4168 epistulam
822 4099 961 4156 rhetorice
975 4099 1177 4170 amplificatam
1192 4105 1377 4162 stomatasm
1392 4103 1510 4160 Nicolaus

378 4185 571 4243 Damasceuus
584 4189 673 4242 attert.
688 4187 739 4258 (Ct.
753 4187 860 4257 Mulier,
873 4189 1042 4258 Fragmenta
1054 4187 1218 4245 Historicor.
1240 4192 1349 4252 Graec.
1364 4195 1400 4251 111
1412 4211 1436 4264 p.
1449 4189 1511 4256 ³64)-

471 4277 494 4345 ⁴)
511 4275 628 4331 Hermes
647 4277 682 4332 28
702 4276 794 4347 (1893)
813 4293 839 4345 p.
854 4277 904 4332 161
916 4293 975 4348 sqq.
