2872 4822
333 335 398 399 238
759 342 877 398 Victor
900 341 1045 411 Coulon,

350 538 406 575 vss.
540 514 668 579 Scholia
1095 561 1099 570 .
1142 514 1260 579 Suidas

355 631 419 694 662
444 633 664 708 κατεκλίναμεν
1086 634 1309 710 κατεκλίναμεν

354 736 418 797 801
443 736 500 799 τὰ(
516 734 643 813 ίεχάδαε
661 733 758 797 schol.
771 734 806 796 in
818 733 872 797 ad·
1082 740 1150 798 τῶν
1173 735 1314 813 ίεχάδυιν

443 844 508 901 not
532 837 580 901 ad.
604 858 633 900 τ.
651 839 724 900 771.

354 942 418 1003 989
443 943 550 1005 ἕνεκεν
1152 943 1245 1005 ἕνεκα

333 1044 418 1106 1086
443 1048 555 1122 κομιδή
1165 1064 1227 1107 om.

333 1148 417 1209 1093
442 1149 650 1226 προεὲπιττον
669 1158 702 1211 et
718 1166 782 1209 var.
798 1146 869 1211 lect.
993 1147 1136 1210 ἐπίττουν
1159 1148 1300 1229 (ἔταττον
1321 1143 1387 1225 gn)

443 1250 624 1327 ὑπεπείρων
647 1250 746 1314 schol.
771 1250 799 1314 R

332 1354 415 1415 1167
442 1354 476 1416 ἐν
1171 1355 1221 1419 ἐπὶ

828 1472 961 1534 Avium:

353 1573 416 1635 109
441 1572 577 1649 θατέρου
1127 1575 1264 1652 θάτερον

353 1676 416 1737 134
440 1675 513 1738 τότε
536 1674 566 1749 γ’
1157 1676 1229 1740 ποτ’

352 1779 416 1841 275
441 1782 550 1857 χώραν
1032 1781 1135 1859 χρόαν
1158 1780 1251 1859 (χὸαν
1275 1776 1350 1860 835)

352 1882 415 1945 769
440 1883 568 1946 τοιάνδε
1139 1885 1248 1948 τοιάδε

330 1987 416 2048 1096
441 1984 497 2065 ὑφ’
515 1986 590 2067 ἡλίῳ
614 1987 720 2062 μανείε
1107 1987 1279 2064 ἡλιομανὴς

330 2090 413 2151 1381
439 2090 656 2167 λιγύφθογνοε
1098 2090 1286 2168 λιγύμοχθοε

330 2192 414 2252 1473
440 2190 500 2254 ἔπι
523 2192 584 2270 γὰρ
1138 2192 1199 2257 {m
1222 2214 1250 2256 τι

328 2295 534 2358 1478τοῦτο
559 2297 615 2371 μὲν
637 2295 715 2372 ήροε
1011 2298 1109 2360 τοῦτο
1134 2299 1191 2373 μὲν
1216 2298 1277 2360 οὖν
1300 2297 1372 2374 ήρο(

329 2397 414 2459 1563
438 2401 495 2475 τήε
511 2400 653 2476 καμήλου
672 2400 816 2478 (καμίνου
833 2398 867 2460 in
1080 2403 1138 2462 τοῦ
1163 2401 1305 2477 καμήλου

437 2501 585 2566 lemmate
609 2500 707 2565 schol.
731 2502 770 2583 R)

329 2605 414 2668 1650
439 2608 646 2684 ναβαιεατρεῦ
1094 2608 1292 2684 βαβακατρεῡ

789 2759 991 2837 vesparum:

348 2849 412 2909 349
438 2852 528 2911 κιττῶ
1118 2850 1262 2924 κιττῶμυι

349 2952 411 3012 795
436 2952 517 3023 γοῦν
541 2950 688 3026 καθέψεις
1076 2949 1137 3028 γὰρ
1162 2952 1306 3026 κατεψεῑε

327 3056 411 3116 1035
437 3055 577 3131 καμήλου
919 3053 1051 3130 καμίνου
1079 3052 1131 3134 (ef.
1156 3056 1250 3117 antea
1275 3054 1331 3114 Av.
1350 3047 1402 3112 156

326 3158 411 3220 1478
436 3157 586 3219 παύεεται
1124 3157 1257 3219 παύεται

833 3303 948 3363 Panis:

346 3404 407 3465 121
435 3405 513 3481 μηδὲ
1167 3405 1206 3479 μή

345 3508 410 3568 368
433 3508 531 3584 τυρὸν
1137 3506 1241 3582 πυρὸν

344 3608 409 3669 496
434 3610 469 3671 ἐν
494 3610 566 3686 ὑμῖν
1124 3608 1158 3672 ἐν
1182 3609 1253 3685 ἡμῖν

346 3712 409 3774 640
433 3712 471 3774 τὰ
496 3713 650 3789 Βραείδου
1087 3711 1126 3772 τὰ
1151 3710 1286 3786 Βραείδα

346 3817 410 3876 734
435 3817 491 3892 μὲν
1137 3814 1241 3889 μέντοι

343 3918 409 3979 874
433 3918 609 3994 Βραυρῶνα
624 3920 693 4001 (pro
711 3919 861 3995 Βραυρῶ-
1074 3914 1108 3978 ἐν
1134 3917 1297 3993 Βραυρῶνι

433 4020 503 4083 νάδ’
526 4022 560 4083 in
587 4021 735 4086 lemmate
762 4020 860 4084 schol.

342 4227 407 4289 876
430 4227 763 4305 πρωκτοπεντετηρίδα
1054 4227 1311 4304 πρωκτοετηρίδο
