3406 4786
163 152 311 223 Epistulae
324 154 479 208 amatoriae
496 152 637 224 quomodo
650 153 820 208 cohaereant
833 169 896 208 cum
911 152 1007 222 elegiis
1016 153 1223 208 Alexandrinis.
1259 149 1302 213 43

165 325 282 407 Itaque
300 327 432 409 apparet
450 324 680 409 Alciphronem
700 345 719 388 a
737 324 860 389 Graeco
880 325 1056 409 exemplari
1074 325 1182 389 Plauti
1201 326 1304 391 Pseu-

165 426 234 492 doli
257 428 406 512 pendere.
440 431 549 511 Atque
572 429 634 493 hoc
662 427 792 511 quidem
820 428 855 491 in
880 428 1041 510 confesso,
1065 433 1103 491 ut
1125 429 1224 511 aiunt,
1253 431 1303 494 sit

166 530 320 595 Ceterum
335 531 505 615 Kockium,
522 532 577 615 qui
593 532 722 615 longius
738 529 887 614 progredi
904 535 1052 614 totasque
1065 530 1302 596 comoediarum

166 653 301 699 scaenas
330 654 371 699 ex
391 635 443 698 his
467 635 614 718 epistulis
638 653 830 718 recuperare
854 634 917 697 sibi
939 652 1032 717 posse
1053 633 1223 698 videbatur
1249 636 1302 718 (ef.

165 737 299 801 Hermis
323 737 384 802 vol
404 737 488 801 XXI
512 738 624 821 (1886)
646 758 676 821 p.
697 738 849 819 3i2sqq,
878 736 1082 801 Comicorum
1106 738 1203 802 Attio.
1222 738 1302 822 frag.

166 841 228 905 vol.
247 841 298 904 ΙΠ
321 861 350 925 p.
372 842 562 924 674sqq.¹))
589 841 672 906 bene
695 840 850 904 refutavit
876 839 943 904 Leo
970 840 1204 922 (Plautinische
1227 841 1303 905 For·

167 945 335 1028 schungen
359 964 388 1028 p.
407 945 468 1007 127
479 945 545 1027 sq).
580 943 650 1008 Etsi
670 944 757 1008 enim
777 943 872 1007 detur
890 943 1120 1027 Alciphronem
1145 944 1302 1026 quaedam

168 1066 208 1111 ex
227 1047 308 1131 ipsis
328 1046 503 1112 comoediis
522 1047 710 1130 paraphrasi
728 1046 873 1129 vertisse,
892 1065 963 1110 eam
981 1047 1083 1111 fuisse
1102 1046 1137 1109 in
1154 1047 1203 1110 his
1221 1048 1302 1131 ipsis

166 1150 417 1234 paraphrasibus
437 1149 667 1234 componendis
690 1150 856 1213 rhetorum
876 1156 985 1231 artem,
1009 1155 1045 1214 ut
1068 1168 1182 1214 versus
1206 1171 1303 1233 quam

165 1254 308 1317 maxime
332 1252 553 1334 dissolverent
576 1272 683 1335 neque
706 1256 819 1336 poetae
839 1252 937 1317 verba
960 1251 1037 1317 inde
1055 1254 1183 1318 restitui
1208 1273 1302 1337 posse

167 1360 300 1421 constat.
324 1355 428 1419 Multo
448 1356 577 1439 saepius
601 1359 689 1420 certe
711 1357 822 1420 rhetor
841 1355 1040 1421 comoediam
1060 1357 1212 1439 imitatur,
1235 1377 1303 1421 non

165 1457 359 1523 transcribit
393 1457 489 1535 Quod
507 1478 566 1522 nos
591 1478 628 1522 eo
651 1458 807 1523 libentius
830 1458 1012 1542 probamuS,
1036 1461 1112 1542 quia
1134 1460 1301 1524 rhetorum

165 1562 334 1646 epistulaS,
374 1564 411 1625 ut
454 1562 601 1645 exempla
638 1563 957 1647 prosopopoeiarum,
994 1564 1186 1646 compositas
1222 1583 1301 1647 esse,

164 1666 339 1748 ipsumque
354 1665 516 1729 Thoonem
536 1665 703 1748 discipulis
722 1666 870 1748 suasisse,
890 1668 927 1730 ut
945 1665 1117 1730 Menandri
1136 1666 1302 1750 exemplar

163 1769 379 1851 imitarentur,
404 1788 500 1852 supra
520 1767 671 1832 vidimus

256 1876 396 1940 Transeo
426 1875 467 1939 ad
496 1876 735 1958 Philostratum,
767 1877 861 1941 cuius
892 1876 1049 1960 epistulae
1072 1878 1171 1940 vitam
1199 1877 1301 1960 ipsam

164 1979 268 2063 magis
287 1979 464 2043 imitantur.
488 1978 588 2044 Vides
608 1999 683 2043 eum
702 1989 759 2043 aut
777 1979 861 2043 dona
880 1979 1025 2063 epistulis
1044 1985 1301 2063 prosequentem,

165 2083 206 2147 cf.
236 2084 327 2165 ep.2
356 2083 423 2165 (30)
453 2087 486 2147 et
517 2084 559 2145 54
582 2083 663 2165 (58),
692 2085 748 2146 aut
781 2087 1004 2164 excusantem,
1038 2102 1097 2147 cur
1125 2083 1209 2146 dona
1235 2103 1301 2147 non

164 2188 304 2268 miserit,
336 2188 425 2270 ep.4
456 2186 532 2268 (37).
572 2184 672 2262 Quasi
696 2185 895 2269 exemplaria
925 2186 1006 2250 haec
1036 2184 1159 2250 dixeris
1190 2206 1299 2251 earum

165 2289 385 2375 epistularum,
405 2308 488 2371 quae
508 2288 705 2352 amatoribus
725 2288 868 2372 quotidie
884 2289 1075 2354 scribendae
1092 2293 1224 2374 aranu).
1248 2291 1300 2356 Ab

164 2395 285 2457 usitata
308 2392 517 2476 epistularum
536 2393 640 2456 forma
659 2393 817 2457 recedunt
835 2392 924 2475 aliae,
949 2413 1024 2457 cum
1043 2393 1126 2456 nihil
1144 2395 1208 2458 nisi
1227 2414 1301 2459 son-

163 2497 298 2562 tentiam
322 2495 453 2559 brevem
476 2496 647 2579 proferant,
672 2495 760 2559 velut
784 2497 825 2559 52
850 2496 931 2579 (tltz
957 2496 1003 2560 Οὐ
1027 2499 1064 2560 τὸ
1090 2496 1168 2574 ἐρᾶν
1190 2498 1300 2581 νόεοε,

165 2705 205 2780 μὴ
239 2703 383 2780 ἐρῶντες.
425 2703 468 2764 43
493 2702 554 2783 (3);
597 2701 642 2766 Τὸ
676 2700 801 2781 ἐρῶντα
839 2706 999 2780 καρτερεῖν
1035 2703 1300 2782 εωφρονὲετερον

164 2807 223 2869 τοῦ
248 2804 321 2884 μηδ’
338 2803 524 2884 ἐραεθῆναι·
548 2806 598 2868 καὶ
621 2805 681 2884 γὰρ
706 2807 745 2882 δὴ
770 2806 819 2867 καὶ
846 2805 885 2868 τὰ
908 2806 1060 2883 πολεμικὰ
1088 2804 1205 2884 ἄνδρες
1238 2806 1300 2886 οὐχ

166 2908 195 2972 οἱ
213 2910 254 2986 μὴ
273 2910 457 2988 τρωθέντες,
477 2906 545 2971 ἀλλ’
562 2907 591 2971 οἱ
610 2911 759 2971 νικῶντες
777 2907 812 2972 ἐν
830 2909 1010 2987 τραύμαειν.
1039 2909 1082 2971 44
1099 2909 1156 2991 (6);
1177 2908 1221 2972 Τὸ
1242 2911 1299 2986 μὲν

165 3013 205 3091 μή
227 3011 341 3090 ἐρῶντι
359 3004 538 3089 χαρίζεεθαι
556 3009 671 3074 Λυείου
691 3010 777 3092 δόξα,
801 3010 837 3074 τὸ
858 3010 887 3073 δ’
904 3010 1016 3088 ἐρῶντι
1036 3014 1122 3075 δοκεῖ
1141 3011 1299 3093 Πλάτωνι,

165 3114 211 3179 coi
235 3117 271 3177 δὲ
295 3115 344 3177 καὶ
367 3112 479 3192 ἐρῶντι
507 3113 557 3176 καὶ
581 3114 619 3190 μή
645 3112 764 3192 ἐρῶντι.
795 3117 893 3178 τοῦτο
917 3116 953 3176 δὲ
977 3115 1081 3193 cophe
1105 3118 1162 3192 μὲν
1186 3114 1299 3196 οὐδείς,

165 3216 238 3281 huic
267 3215 297 3279 b'
325 3211 407 3294 οἶμαι
435 3217 550 3300 ἐπῄνει.
590 3214 653 3280 Sed
681 3235 723 3280 ue
758 3216 809 3280 his
844 3214 974 3298 quidem
1002 3216 1092 3280 deest
1127 3215 1299 3299 exemplar,

165 3319 205 3383 ad
234 3318 322 3402 quod
350 3320 545 3403 compositae
575 3319 648 3382 sint.
687 3318 956 3402 Philosophorum
990 3319 1076 3382 enim
1109 3324 1205 3402 atque
1233 3339 1299 3384 ma-

165 3423 253 3487 nime
270 3421 434 3505 Apollonii
452 3421 630 3503 Tyanensis
647 3421 798 3504 epistulas
814 3422 989 3504 imitantur,
1009 3441 1089 3504 quas
1107 3423 1177 3507 ipse
1192 3423 1300 3488 Philo·

166 3531 284 3589 stratus
315 3525 489 3608 collegerat
519 3527 551 3590 et
581 3524 622 3589 ad
652 3525 750 3589 vitam
780 3525 945 3608 Apollonii
978 3524 1179 3590 scribendam
1210 3525 1300 3590 adhi-

257 3702 277 3771 ¹)
296 3701 373 3756 Idem
398 3701 484 3756 etiam
507 3702 543 3757 de
562 3702 741 3757 aristaeneto
763 3703 828 3757 loco
851 3702 967 3758 laudato
990 3701 1112 3757 Koclrius
1136 3701 1299 3769 contendit;

164 3787 193 3841 in
212 3787 262 3842 illo
281 3803 319 3841 ne
338 3787 433 3856 specie
452 3786 565 3855 quidem
584 3787 644 3841 veri
664 3786 786 3842 adiutus.

256 3877 278 3945 ¹)
295 3877 357 3945 Qua
376 3877 520 3931 rhetorum
539 3881 600 3932 arte
619 3877 689 3932 talia
703 3877 816 3931 exculta
830 3876 895 3944 sint,
914 3876 1046 3946 probabit
1064 3877 1150 3932 etiam
1162 3876 1300 3946 Hierony·

164 3978 227 4017 mus
245 3962 276 4016 in
290 3962 413 4031 epistula
425 3962 469 4029 31,
482 3962 508 4031 3,
528 3977 584 4031 qua
596 3961 749 4016 Eustochio
762 3961 873 4032 virgini,
893 3977 965 4032 quae
979 3961 1005 4016 ei
1023 3961 1179 4018 canistrum
1193 3961 1300 4017 cerasis

163 4047 311 4117 impletum
329 4046 446 4114 miserit,
465 4047 572 4117 gratias
591 4047 656 4117 agit.
