2978 4814
292 346 334 409 58
715 351 830 408 Victor
849 349 995 418 Goulon,

380 524 485 588 Etiam
508 525 542 587 in
566 545 594 587 ν.
613 525 676 587 769
698 542 766 605 sqq.
788 521 947 605 Bergkius
968 520 1139 586 lectionem
1159 520 1188 583 V
1213 522 1341 586 τοιάνδε
1372 522 1423 586 κύ-

291 649 360 692 κνοι
378 677 384 690 .
401 677 408 690 .
424 677 431 690 .
449 632 581 706 ευμμιγῆ
607 629 687 706 βοὴν
708 626 793 704 ὁμοῦ
812 629 939 703 πτεροῑ(
959 625 1128 703 κρὲκοντεε
1146 624 1260 702 ἴακχον
1280 624 1422 689 Ἀπόλλω

290 751 347 814 pro
371 731 479 794 τοιάδε
503 729 613 794 κύκνοι
637 732 700 794 κτλ.
721 727 889 812 amplexus
913 732 962 792 est
988 726 1086 808 idque
1110 726 1171 791 hoc
1199 746 1330 809 quoque
1352 727 1422 793 loco

290 833 416 897 iniuria
440 832 523 896 Nam
546 834 574 895 si
597 833 715 915 legitur
737 832 866 896 τοιάνδε
890 832 1002 894 κύκνοι
1026 848 1104 894 voce
1128 830 1257 894 τοιάνδε
1276 830 1314 893 ad
1342 833 1422 908 βοὴν

289 938 324 999 in
340 956 368 999 v.
378 937 441 999 771
456 936 564 1018 relata,
576 937 610 998 in
628 956 656 998 ν.
670 938 687 999 7
692 938 743 1017 37,
761 934 814 998 eui
831 954 859 996 v.
872 941 981 997 nester
992 932 1172 1016 respondet,
1186 952 1262 997 cnm
1274 932 1422 998 Bentleio

290 1039 447 1120 scriptura
477 1039 592 1102 Μοῡεα
617 1040 753 1117 λοχμαία
784 1037 817 1099 in
849 1035 1003 1101 Moneo
1032 1037 1167 1114 λοχμαία
1189 1037 1344 1099 mutanda
1367 1042 1422 1100 est

290 1141 404 1223 Neque
427 1161 504 1205 vero
529 1141 693 1222 habemus,
718 1160 776 1204 eur
792 1139 889 1204 verba
905 1140 1022 1204 Μοῡεα
1038 1143 1173 1218 λοχμαία
1189 1139 1422 1222 addubitemus,

288 1246 475 1328 praesertim
495 1264 568 1308 cum
592 1244 625 1307 in
650 1243 799 1307 omnibus
822 1242 988 1307 codicibus
1011 1243 1225 1306 inveniantur.
1250 1244 1424 1328 Propterea

290 1350 327 1411 ut
349 1348 475 1411 numeri
499 1367 528 1410 ν.
546 1347 610 1410 769
634 1347 674 1409 iis
700 1367 727 1409 ν.
746 1349 808 1409 737
834 1344 1063 1428 respondeant,
1091 1344 1171 1408 illud
1193 1347 1302 1411 τοιάδε
1326 1345 1422 1411 S—R

291 1451 410 1533 quippe
426 1451 603 1514 sententiae
619 1450 820 1533 aptissimum
833 1486 877 1495 —
889 1449 1080 1512 vertendum
1096 1450 1181 1513 enim
1199 1454 1247 1513 est
1263 1449 1319 1512 “in
1336 1450 1423 1514 hunc

290 1552 443 1615 modum''
454 1589 496 1596 —
514 1571 588 1616 cum
608 1551 786 1634 Dindoriio,
803 1551 974 1633 Meinekio,
991 1551 1113 1616 Kookio
1129 1571 1258 1616 servare
1275 1559 1422 1635 praestat

380 1656 451 1719 Vss.
476 1657 651 1719 1272-73
681 1657 714 1719 in
743 1656 839 1720 S—R
862 1658 909 1720 sio
933 1656 1149 1721 exhibentur:
1179 1656 1421 1735 ὠτριεμακάρί

290 1759 417 1839 (μάκαρ
442 1758 488 1838 S),
520 1758 546 1821 ὡ
571 1760 750 1823 κλεινότατε
773 1759 981 1840 (κλεινὸτἬ),
1006 1758 1032 1821 ὠ
1058 1760 1241 1839 εοφώτατε,
1262 1757 1315 1845 lib
1346 1763 1422 1833 γλα-

290 1861 469 1941 φυρώτατε,
501 1860 527 1923 ὡ
552 1862 793 1926 κατακὲλευεον.
823 1861 920 1925 VMA
942 1862 1112 1945 praebent:
1138 1861 1164 1924 ὧ
1189 1861 1370 1943 κλεινότατ’,
1395 1860 1421 1924 ὦ

290 1962 461 2045 εοφώτατ’,
495 1962 521 2026 ὦ
552 1964 782 2042 γλαφυρώτατε
807 1962 812 2050 1
837 1963 864 2026 ὠ
894 1964 1086 2042 τριεμακάρι’
1114 1963 1141 2027 ὠ
1180 1966 1421 2028 κατακέλευεον.

289 2064 387 2129 Hunc
419 2066 525 2129 loourn
561 2066 683 2130 medela
714 2066 860 2149 indigere
892 2068 977 2130 inter
1009 2067 1138 2130 critices
1170 2066 1422 2149 Aristophaneos

290 2177 421 2233 constat.
446 2169 529 2233 Nam
551 2170 883 2253 praeterquamquod
907 2169 1035 2234 codices
1058 2171 1091 2232 in
1113 2170 1283 2233 verborum
1308 2169 1421 2234 ordine

289 2271 472 2335 exhibendo
489 2272 522 2334 in
536 2272 769 2336 diversissimas
785 2277 891 2355 partes
905 2272 1084 2354 discedunt,
1100 2272 1295 2337 adiectivum
1312 2274 1422 2352 εοφώ-

288 2398 362 2441 τατε
381 2378 415 2439 in
438 2397 467 2440 ν.
487 2378 572 2440 1272
598 2397 640 2440 er
662 2378 729 2441 fine
755 2398 783 2440 ν.
802 2379 886 2441 1271
907 2379 1081 2460 repetitum
1104 2377 1183 2440 ferri
1206 2378 1328 2458 nequit
1352 2376 1422 2440 Pri·

289 2499 377 2542 mum
402 2500 474 2544 mea
497 2481 627 2563 quidem
651 2482 810 2544 sententia
833 2483 969 2545 interest
993 2480 1110 2561 videre,
1141 2479 1302 2562 quomodo
1326 2480 1420 2544 anibo

288 2601 349 2646 vss.
367 2583 474 2646 traditi
497 2584 569 2646 sint.
593 2583 635 2647 Et
653 2585 687 2646 in
707 2584 803 2648 S—R
822 2586 907 2648 etin
927 2584 1024 2648 VMA
1042 2583 1128 2648 idern
1149 2583 1226 2647 ordo
1250 2583 1347 2646 trium
1368 2602 1421 2646 su·

288 2685 515 2768 perlativorum
539 2686 565 2749 ῶ
591 2691 691 2768 κλειν.,
716 2687 742 2750 ὦ
767 2709 849 2767 εοφ;
875 2687 901 2751 ὠ
926 2692 1064 2766 γλαφυρ.
1080 2687 1253 2751 invenitur.
1283 2685 1421 2768 Reliqua

288 2795 395 2853 autern
419 2790 517 2854 verba
540 2792 587 2854 sio
611 2790 812 2873 exhibentur,
837 2797 874 2854 ut
896 2790 992 2854 S—R
1016 2790 1042 2853 ιίι
1064 2789 1255 2869 τριεμακάρι’
1275 2789 1366 2852 initio
1391 2809 1420 2853 ν.

290 2893 385 2974 1272,
416 2893 512 2956 VMA
535 2893 626 2956 initio
650 2913 679 2956 ν.
698 2896 782 2957 1273
807 2894 988 2978 praebeant.
1022 2893 1118 2958 Nune
1141 2894 1285 2975 quaestio
1310 2893 1420 2972 oritur,

288 3000 360 3059 utra
382 2996 498 3079 positio
522 2995 750 3059 vocabulorum
767 2997 793 3060 ὧ
809 2996 1001 3075 τριεμακάρι’
1018 2997 1161 3079 genuina
1176 2997 1225 3058 sit
1250 2995 1332 3059 Mihi
1349 2996 1420 3078 qui·

289 3098 362 3162 dem
378 3098 476 3163 verba
496 3098 522 3161 ὡ
542 3098 733 3177 τριεμακάρι’
746 3100 780 3162 in
801 3099 897 3163 8—R
913 3118 956 3162 en
978 3100 1071 3162 initio
1096 3119 1124 3161 ν.
1143 3100 1203 3161 127
1209 3102 1228 3161 3
1252 3097 1421 3161 librarium

289 3220 396 3264 errore
419 3201 510 3263 initio
534 3220 563 3262 ν.
583 3202 668 3263 1272
693 3204 796 3284 posita
819 3221 889 3266 esse
906 3202 1113 3266 verisimilius
1129 3201 1257 3264 videtur
1273 3221 1370 3282 quam
1385 3202 1421 3263 in

288 3303 398 3385 VMA,
421 3309 590 3387 postquam
619 3304 710 3368 initio
741 3325 768 3368 v.
793 3306 878 3368 1272
904 3306 1020 3369 omissa
1044 3311 1146 3386 erant,
1178 3324 1307 3368 versum
1333 3306 1419 3367 1273

287 3408 463 3472 inchoasse.
486 3408 576 3473 Haec
593 3409 697 3491 verba,
722 3430 796 3474 cuni
820 3411 854 3472 in
870 3410 966 3474 s-R
982 3429 1045 3473 nen
1064 3415 1152 3473 recte
1171 3408 1262 3472 initio
1286 3429 1314 3470 ν.
1334 3409 1419 3471 1272

287 3513 390 3595 posita
413 3518 533 3593 essent,
561 3512 683 3576 librarii
706 3514 813 3577 locum
842 3513 923 3577 false
948 3513 1135 3577 inchoatum
1158 3511 1348 3595 simpliciter
1372 3512 1420 3576 sio

287 3615 455 3679 restituere
476 3614 537 3678 sibi
557 3615 755 3695 videbantur,
780 3622 816 3679 ut
830 3617 941 3699 legum
957 3615 1334 3680 metricorumrationem
1354 3634 1420 3678 non

287 3717 441 3782 habentes
465 3717 563 3781 verba
586 3718 612 3782 ὦ
635 3721 870 3798 γλαφυρώτατε
901 3738 943 3783 ex
973 3719 1041 3783 fine
1073 3720 1205 3781 ν.1272
1236 3719 1420 3801 insequenti

287 3820 396 3883 versui
421 3821 653 3885 continuarent.
679 3822 723 3886 Ut
745 3825 851 3886 autem
875 3822 966 3885 libris
989 3821 1085 3885 VMA
1102 3819 1308 3884 vocabuladr
1338 3842 1419 3899 τριε·

288 3923 411 4002 μακάρι’
428 3924 519 3987 initio
551 3945 579 3987 ν.
605 3926 690 3988 1273
716 3925 944 3989 exhibentibus
974 3925 1074 3988 fidem
1098 3924 1280 4005 habeamus
1304 3924 1354 3988 vel
1381 3944 1418 3988 eo

288 4046 534 4108 commovemur,
560 4027 645 4109 quod
669 4034 735 4092 tres
758 4029 945 4111 superlativi
967 4028 1084 4092 melius
1108 4033 1140 4092 et
1163 4029 1268 4110 aptius
1292 4026 1419 4091 illuddr

287 4132 477 4210 τριεμακάρι’
493 4132 691 4217 praecedunt
713 4152 809 4214 quam
833 4135 1022 4215 sequuntur.
1055 4129 1176 4207 Quodsi
1200 4131 1273 4214 quis
1303 4130 1419 4195 nihilo-

286 4234 394 4297 minus
410 4234 580 4299 electione
604 4235 700 4299 S-lt
723 4235 886 4319 proficisci
910 4234 1004 4317 volet,
1030 4236 1060 4298 ei
1084 4254 1159 4298 eum
1182 4233 1345 4299 Meinehio
1373 4233 1419 4297 ia-
