<?xml version="1.0" encoding="UTF-8"?>
<!DOCTYPE html PUBLIC "-//W3C//DTD XHTML 1.0 Transitional//EN"
    "http://www.w3.org/TR/xhtml1/DTD/xhtml1-transitional.dtd">
<html xmlns="http://www.w3.org/1999/xhtml" xml:lang="en" lang="en">
 <head>
  <title>
</title>
<meta http-equiv="Content-Type" content="text/html;charset=utf-8" />
  <meta name='ocr-system' content='tesseract 3.04.00' />
  <meta name='ocr-capabilities' content='ocr_page ocr_carea ocr_par ocr_line ocrx_word'/>
</head>
<body>
  <div class='ocr_page' id='page_1' title='image "./dissertationesp03stragoog_0575.png"; bbox 0 0 2948 4784; ppageno 0'>
   <div class='ocr_carea' id='block_1_1' title="bbox 290 334 1053 407">
    <p class='ocr_par' dir='ltr' id='par_1_1' title="bbox 290 334 1053 407">
     <span class='ocr_line' id='line_1_1' title="bbox 290 334 1053 407; baseline -0.008 -10"><span class='ocrx_word' id='word_1_1' title='bbox 290 334 333 397; x_wconf 84' lang='grc'>26</span> <span class='ocrx_word' id='word_1_2' title='bbox 653 337 790 407; x_wconf 79' lang='lat' dir='ltr'>Ludwig</span> <span class='ocrx_word' id='word_1_3' title='bbox 808 338 1053 407; x_wconf 77' lang='lat' dir='ltr'>Rosenmeyer,</span> 
     </span>
    </p>
   </div>
   <div class='ocr_carea' id='block_1_2' title="bbox 289 507 1467 4302">
    <p class='ocr_par' dir='ltr' id='par_1_2' title="bbox 289 496 1467 4302">
     <span class='ocr_line' id='line_1_2' title="bbox 291 507 1442 595; baseline -0.001 -19"><span class='ocrx_word' id='word_1_4' title='bbox 291 533 356 577; x_wconf 91' lang='lat' dir='ltr'>non</span> <span class='ocrx_word' id='word_1_5' title='bbox 389 514 508 595; x_wconf 81' lang='lat' dir='ltr'>potest3</span> <span class='ocrx_word' id='word_1_6' title='bbox 543 531 616 576; x_wconf 90' lang='lat' dir='ltr'>cum</span> <span class='ocrx_word' id='word_1_7' title='bbox 650 512 684 573; x_wconf 92' lang='lat' dir='ltr'>in</span> <span class='ocrx_word' id='word_1_8' title='bbox 717 509 828 592; x_wconf 83' lang='lat' dir='ltr'>effigie</span> <span class='ocrx_word' id='word_1_9' title='bbox 858 509 911 573; x_wconf 89' lang='lat' dir='ltr'>dei</span> <span class='ocrx_word' id='word_1_10' title='bbox 941 511 1141 573; x_wconf 87' lang='lat' dir='ltr'>constitutus</span> <span class='ocrx_word' id='word_1_11' title='bbox 1171 509 1212 572; x_wconf 90' lang='lat' dir='ltr'>sit</span> <span class='ocrx_word' id='word_1_12' title='bbox 1238 507 1366 573; x_wconf 86' lang='lat' dir='ltr'>secundm</span> <span class='ocrx_word' id='word_1_13' title='bbox 1441 551 1442 555; x_wconf 61' lang='lat'><em>=</em></span> 
     </span>
     <span class='ocr_line' id='line_1_3' title="bbox 290 600 1464 698; baseline -0.009 -18"><span class='ocrx_word' id='word_1_14' title='bbox 290 616 496 698; x_wconf 85' lang='lat' dir='ltr'>scripturam,</span> <span class='ocrx_word' id='word_1_15' title='bbox 525 615 559 677; x_wconf 92' lang='lat' dir='ltr'>in</span> <span class='ocrx_word' id='word_1_16' title='bbox 587 614 695 697; x_wconf 93' lang='lat' dir='ltr'>aliqua</span> <span class='ocrx_word' id='word_1_17' title='bbox 723 613 848 696; x_wconf 82' lang='lat' dir='ltr'>effigie,</span> <span class='ocrx_word' id='word_1_18' title='bbox 876 632 940 676; x_wconf 90' lang='lat' dir='ltr'>non</span> <span class='ocrx_word' id='word_1_19' title='bbox 968 613 1003 675; x_wconf 91' lang='lat' dir='ltr'>in</span> <span class='ocrx_word' id='word_1_20' title='bbox 1027 612 1118 676; x_wconf 89' lang='lat' dir='ltr'>nulla</span> <span class='ocrx_word' id='word_1_21' title='bbox 1147 614 1318 677; x_wconf 87' lang='lat' dir='ltr'>constitutus</span> <span class='ocrx_word' id='word_1_22' title='bbox 1333 617 1368 673; x_wconf 83' lang='lat' dir='ltr'>est</span> <span class='ocrx_word' id='word_1_23' title='bbox 1458 600 1464 621; x_wconf 73' lang='lat'><strong><em>⁵</em></strong></span> 
     </span>
     <span class='ocr_line' id='line_1_4' title="bbox 291 714 1372 801; baseline -0.005 -19"><span class='ocrx_word' id='word_1_24' title='bbox 291 738 368 801; x_wconf 84' lang='lat' dir='ltr'>ergo</span> <span class='ocrx_word' id='word_1_25' title='bbox 393 718 473 781; x_wconf 90' lang='lat' dir='ltr'>deus</span> <span class='ocrx_word' id='word_1_26' title='bbox 498 717 712 801; x_wconf 87' lang='lat' dir='ltr'>etsispiritus</span> <span class='ocrx_word' id='word_1_27' title='bbox 736 719 922 798; x_wconf 69' lang='lat' dir='ltr'>esttamen</span> <span class='ocrx_word' id='word_1_28' title='bbox 947 735 1065 799; x_wconf 91' lang='lat' dir='ltr'>corpus</span> <span class='ocrx_word' id='word_1_29' title='bbox 1090 720 1146 780; x_wconf 87' lang='lat' dir='ltr'>est</span> <span class='ocrx_word' id='word_1_30' title='bbox 1172 716 1301 799; x_wconf 83' lang='lat' dir='ltr'>‘spiritns</span> <span class='ocrx_word' id='word_1_31' title='bbox 1317 714 1372 778; x_wconf 77' lang='lat' dir='ltr'>om</span> 
     </span>
     <span class='ocr_line' id='line_1_5' title="bbox 292 814 1467 903; baseline -0.009 -19"><span class='ocrx_word' id='word_1_32' title='bbox 292 839 409 903; x_wconf 89' lang='lat' dir='ltr'>eorpus</span> <span class='ocrx_word' id='word_1_33' title='bbox 438 821 490 883; x_wconf 90' lang='lat' dir='ltr'>sui</span> <span class='ocrx_word' id='word_1_34' title='bbox 513 820 643 901; x_wconf 81' lang='lat' dir='ltr'>generis</span> <span class='ocrx_word' id='word_1_35' title='bbox 667 819 702 881; x_wconf 94' lang='lat' dir='ltr'>in</span> <span class='ocrx_word' id='word_1_36' title='bbox 724 838 784 882; x_wconf 87' lang='lat' dir='ltr'>sua</span> <span class='ocrx_word' id='word_1_37' title='bbox 806 818 937 902; x_wconf 85' lang='lat' dir='ltr'>effigie&#39;.</span> <span class='ocrx_word' id='word_1_38' title='bbox 962 819 1072 881; x_wconf 89' lang='lat' dir='ltr'>omnia</span> <span class='ocrx_word' id='word_1_39' title='bbox 1094 818 1267 881; x_wconf 87' lang='lat' dir='ltr'>invisibilia</span> <span class='ocrx_word' id='word_1_40' title='bbox 1286 817 1376 880; x_wconf 80' lang='lat' dir='ltr'>‘babent</span> <span class='ocrx_word' id='word_1_41' title='bbox 1453 814 1467 858; x_wconf 79' lang='lat' dir='ltr'><strong><em>s</em></strong></span> 
     </span>
     <span class='ocr_line' id='line_1_6' title="bbox 291 917 1381 1007; baseline -0.006 -21"><span class='ocrx_word' id='word_1_42' title='bbox 291 922 378 1007; x_wconf 91' lang='lat' dir='ltr'>apud</span> <span class='ocrx_word' id='word_1_43' title='bbox 394 923 490 986; x_wconf 88' lang='lat' dir='ltr'>deum</span> <span class='ocrx_word' id='word_1_44' title='bbox 507 925 539 986; x_wconf 90' lang='grc' dir='ltr'>θῖ</span> <span class='ocrx_word' id='word_1_45' title='bbox 554 942 649 986; x_wconf 89' lang='lat' dir='ltr'>suum</span> <span class='ocrx_word' id='word_1_46' title='bbox 666 941 782 1005; x_wconf 90' lang='lat' dir='ltr'>corpus</span> <span class='ocrx_word' id='word_1_47' title='bbox 799 927 832 985; x_wconf 89' lang='lat' dir='ltr'>et</span> <span class='ocrx_word' id='word_1_48' title='bbox 846 941 935 985; x_wconf 90' lang='lat' dir='ltr'>suam</span> <span class='ocrx_word' id='word_1_49' title='bbox 952 920 1098 1002; x_wconf 85' lang='lat' dir='ltr'>formam,</span> <span class='ocrx_word' id='word_1_50' title='bbox 1114 940 1175 1004; x_wconf 88' lang='lat' dir='ltr'>per</span> <span class='ocrx_word' id='word_1_51' title='bbox 1190 939 1268 1003; x_wconf 87' lang='lat' dir='ltr'>quae</span> <span class='ocrx_word' id='word_1_52' title='bbox 1281 920 1329 984; x_wconf 84' lang='lat' dir='ltr'>soii</span> <span class='ocrx_word' id='word_1_53' title='bbox 1340 917 1381 981; x_wconf 80' lang='lat' dir='ltr'>deo</span> 
     </span>
     <span class='ocr_line' id='line_1_7' title="bbox 293 1023 1389 1107; baseline -0.006 -18"><span class='ocrx_word' id='word_1_54' title='bbox 293 1026 434 1089; x_wconf 81' lang='lat' dir='ltr'>visibilia</span> <span class='ocrx_word' id='word_1_55' title='bbox 445 1033 534 1089; x_wconf 90' lang='lat' dir='ltr'>sunt:</span> <span class='ocrx_word' id='word_1_56' title='bbox 552 1027 671 1107; x_wconf 90' lang='lat' dir='ltr'>quanto</span> <span class='ocrx_word' id='word_1_57' title='bbox 688 1025 789 1107; x_wconf 85' lang='lat' dir='ltr'>magis</span> <span class='ocrx_word' id='word_1_58' title='bbox 806 1023 894 1106; x_wconf 90' lang='lat' dir='ltr'>quod</span> <span class='ocrx_word' id='word_1_59' title='bbox 909 1042 950 1087; x_wconf 86' lang='lat' dir='ltr'>ex</span> <span class='ocrx_word' id='word_1_60' title='bbox 963 1025 1064 1106; x_wconf 93' lang='lat' dir='ltr'>ipsius</span> <span class='ocrx_word' id='word_1_61' title='bbox 1077 1023 1257 1088; x_wconf 83' lang='lat' dir='ltr'>substantia</span> <span class='ocrx_word' id='word_1_62' title='bbox 1267 1024 1389 1086; x_wconf 82' lang='lat' dir='ltr'>emissum</span> 
     </span>
     <span class='ocr_line' id='line_1_8' title="bbox 290 1125 1397 1208; baseline -0.006 -15"><span class='ocrx_word' id='word_1_63' title='bbox 290 1130 429 1194; x_wconf 89' lang='lat' dir='ltr'>estsine</span> <span class='ocrx_word' id='word_1_64' title='bbox 448 1128 625 1192; x_wconf 85' lang='lat' dir='ltr'>substantia</span> <span class='ocrx_word' id='word_1_65' title='bbox 648 1148 714 1191; x_wconf 94' lang='lat' dir='ltr'>non</span> <span class='ocrx_word' id='word_1_66' title='bbox 737 1128 836 1191; x_wconf 78' lang='lat' dir='ltr'>eritP&#39;</span> <span class='ocrx_word' id='word_1_67' title='bbox 862 1127 964 1204; x_wconf 80' lang='lat' dir='ltr'>Quam</span> <span class='ocrx_word' id='word_1_68' title='bbox 987 1125 1204 1190; x_wconf 76' lang='lat' dir='ltr'>substantiam</span> <span class='ocrx_word' id='word_1_69' title='bbox 1222 1132 1325 1190; x_wconf 78' lang='lat' dir='ltr'>auctor</span> <span class='ocrx_word' id='word_1_70' title='bbox 1338 1143 1397 1208; x_wconf 52' lang='lat' dir='ltr'>por*</span> 
     </span>
     <span class='ocr_line' id='line_1_9' title="bbox 289 1228 1343 1314; baseline -0.006 -16"><span class='ocrx_word' id='word_1_71' title='bbox 289 1253 402 1298; x_wconf 90' lang='lat' dir='ltr'>sonam</span> <span class='ocrx_word' id='word_1_72' title='bbox 426 1234 513 1314; x_wconf 83' lang='lat' dir='ltr'>dicit,</span> <span class='ocrx_word' id='word_1_73' title='bbox 536 1233 642 1295; x_wconf 89' lang='lat' dir='ltr'>filium</span> <span class='ocrx_word' id='word_1_74' title='bbox 666 1233 817 1314; x_wconf 88' lang='lat' dir='ltr'>nominat,</span> <span class='ocrx_word' id='word_1_75' title='bbox 841 1229 1021 1296; x_wconf 87' lang='lat' dir='ltr'>secundum</span> <span class='ocrx_word' id='word_1_76' title='bbox 1044 1250 1064 1292; x_wconf 93' lang='lat' dir='ltr'>a</span> <span class='ocrx_word' id='word_1_77' title='bbox 1086 1232 1178 1313; x_wconf 87' lang='lat' dir='ltr'>patre</span> <span class='ocrx_word' id='word_1_78' title='bbox 1203 1228 1343 1294; x_wconf 73' lang='lat' dir='ltr'>defendit</span> 
     </span>
     <span class='ocr_line' id='line_1_10' title="bbox 382 1330 1403 1419; baseline -0.006 -19"><span class='ocrx_word' id='word_1_79' title='bbox 382 1336 513 1419; x_wconf 80' lang='lat' dir='ltr'>Capite</span> <span class='ocrx_word' id='word_1_80' title='bbox 523 1335 603 1398; x_wconf 87' lang='lat' dir='ltr'>VIII</span> <span class='ocrx_word' id='word_1_81' title='bbox 614 1336 718 1417; x_wconf 76' lang='lat' dir='ltr'>pergit</span> <span class='ocrx_word' id='word_1_82' title='bbox 730 1341 842 1398; x_wconf 84' lang='lat' dir='ltr'>auctor</span> <span class='ocrx_word' id='word_1_83' title='bbox 853 1335 972 1397; x_wconf 90' lang='lat' dir='ltr'>iniuria</span> <span class='ocrx_word' id='word_1_84' title='bbox 983 1332 1045 1396; x_wconf 91' lang='lat' dir='ltr'>sibi</span> <span class='ocrx_word' id='word_1_85' title='bbox 1058 1332 1144 1396; x_wconf 89' lang='lat' dir='ltr'>obici</span> <span class='ocrx_word' id='word_1_86' title='bbox 1157 1351 1193 1396; x_wconf 90' lang='lat' dir='ltr'>se</span> <span class='ocrx_word' id='word_1_87' title='bbox 1204 1331 1348 1416; x_wconf 87' lang='lat' dir='ltr'>probolen</span> <span class='ocrx_word' id='word_1_88' title='bbox 1356 1330 1403 1394; x_wconf 84' lang='lat' dir='ltr'>ab-</span> 
     </span>
     <span class='ocr_line' id='line_1_11' title="bbox 291 1436 1403 1521; baseline -0.003 -19"><span class='ocrx_word' id='word_1_89' title='bbox 291 1459 390 1521; x_wconf 84' lang='lat' dir='ltr'>quam</span> <span class='ocrx_word' id='word_1_90' title='bbox 405 1437 619 1517; x_wconf 82' lang='lat' dir='ltr'>introducere,</span> <span class='ocrx_word' id='word_1_91' title='bbox 633 1437 903 1516; x_wconf 88' lang='lat' dir='ltr'>utValentinum;</span> <span class='ocrx_word' id='word_1_92' title='bbox 921 1456 1026 1519; x_wconf 88' lang='lat' dir='ltr'>neque</span> <span class='ocrx_word' id='word_1_93' title='bbox 1039 1439 1128 1500; x_wconf 90' lang='lat' dir='ltr'>eninr</span> <span class='ocrx_word' id='word_1_94' title='bbox 1140 1436 1225 1501; x_wconf 77' lang='lat' dir='ltr'>‘ideo</span> <span class='ocrx_word' id='word_1_95' title='bbox 1242 1457 1307 1500; x_wconf 92' lang='lat' dir='ltr'>non</span> <span class='ocrx_word' id='word_1_96' title='bbox 1321 1437 1403 1500; x_wconf 89' lang='lat' dir='ltr'>utitur</span> 
     </span>
     <span class='ocr_line' id='line_1_12' title="bbox 290 1540 1407 1622; baseline -0.003 -16"><span class='ocrx_word' id='word_1_97' title='bbox 290 1548 325 1606; x_wconf 92' lang='lat' dir='ltr'>et</span> <span class='ocrx_word' id='word_1_98' title='bbox 344 1543 462 1606; x_wconf 89' lang='lat' dir='ltr'>veritas</span> <span class='ocrx_word' id='word_1_99' title='bbox 481 1540 638 1605; x_wconf 78' lang='lat' dir='ltr'>vocabulo</span> <span class='ocrx_word' id='word_1_100' title='bbox 659 1541 720 1604; x_wconf 90' lang='lat' dir='ltr'>isto</span> <span class='ocrx_word' id='word_1_101' title='bbox 741 1545 773 1604; x_wconf 88' lang='lat' dir='ltr'>et</span> <span class='ocrx_word' id='word_1_102' title='bbox 791 1559 826 1603; x_wconf 93' lang='lat' dir='ltr'>re</span> <span class='ocrx_word' id='word_1_103' title='bbox 845 1559 883 1603; x_wconf 89' lang='lat' dir='ltr'>ac</span> <span class='ocrx_word' id='word_1_104' title='bbox 902 1559 1003 1604; x_wconf 89' lang='lat' dir='ltr'>censu</span> <span class='ocrx_word' id='word_1_105' title='bbox 1021 1541 1101 1622; x_wconf 89' lang='lat' dir='ltr'>eius,</span> <span class='ocrx_word' id='word_1_106' title='bbox 1126 1541 1203 1622; x_wconf 91' lang='lat' dir='ltr'>quia</span> <span class='ocrx_word' id='word_1_107' title='bbox 1227 1546 1261 1605; x_wconf 88' lang='lat' dir='ltr'>et</span> <span class='ocrx_word' id='word_1_108' title='bbox 1284 1541 1407 1604; x_wconf 77' lang='lat' dir='ltr'>haeresis</span> 
     </span>
     <span class='ocr_line' id='line_1_13' title="bbox 290 1632 1410 1724; baseline -0.004 -15"><span class='ocrx_word' id='word_1_109' title='bbox 290 1645 428 1723; x_wconf 79' lang='lat' dir='ltr'>utatur’3</span> <span class='ocrx_word' id='word_1_110' title='bbox 454 1632 595 1708; x_wconf 89' lang='lat' dir='ltr'>haeresis</span> <span class='ocrx_word' id='word_1_111' title='bbox 614 1643 781 1707; x_wconf 88' lang='lat' dir='ltr'>veritatem</span> <span class='ocrx_word' id='word_1_112' title='bbox 804 1642 928 1705; x_wconf 86' lang='lat' dir='ltr'>imitata</span> <span class='ocrx_word' id='word_1_113' title='bbox 950 1645 1007 1724; x_wconf 89' lang='lat' dir='ltr'>est,</span> <span class='ocrx_word' id='word_1_114' title='bbox 1032 1663 1098 1705; x_wconf 93' lang='lat' dir='ltr'>non</span> <span class='ocrx_word' id='word_1_115' title='bbox 1116 1645 1237 1706; x_wconf 80' lang='lat' dir='ltr'>veritas</span> <span class='ocrx_word' id='word_1_116' title='bbox 1261 1645 1410 1715; x_wconf 75' lang='lat' dir='ltr'>haeresim</span> 
     </span>
     <span class='ocr_line' id='line_1_14' title="bbox 291 1744 1414 1830; baseline -0.002 -20"><span class='ocrx_word' id='word_1_117' title='bbox 291 1767 397 1811; x_wconf 89' lang='lat' dir='ltr'>sermo</span> <span class='ocrx_word' id='word_1_118' title='bbox 422 1753 471 1811; x_wconf 86' lang='lat' dir='ltr'>est</span> <span class='ocrx_word' id='word_1_119' title='bbox 492 1748 642 1830; x_wconf 87' lang='lat' dir='ltr'>prolatus.</span> <span class='ocrx_word' id='word_1_120' title='bbox 671 1744 767 1829; x_wconf 86' lang='lat' dir='ltr'>Apud</span> <span class='ocrx_word' id='word_1_121' title='bbox 786 1744 994 1808; x_wconf 84' lang='lat' dir='ltr'>Valentinum</span> <span class='ocrx_word' id='word_1_122' title='bbox 1016 1747 1178 1823; x_wconf 83' lang='grc' dir='ltr'>προβολαί</span> <span class='ocrx_word' id='word_1_123' title='bbox 1197 1745 1414 1809; x_wconf 87' lang='lat' dir='ltr'>discernuntur</span> 
     </span>
     <span class='ocr_line' id='line_1_15' title="bbox 290 1847 1416 1933; baseline -0.002 -19"><span class='ocrx_word' id='word_1_124' title='bbox 290 1858 388 1932; x_wconf 89' lang='lat' dir='ltr'>atque</span> <span class='ocrx_word' id='word_1_125' title='bbox 411 1852 600 1933; x_wconf 87' lang='lat' dir='ltr'>separantur</span> <span class='ocrx_word' id='word_1_126' title='bbox 618 1848 657 1912; x_wconf 88' lang='lat' dir='ltr'>ab</span> <span class='ocrx_word' id='word_1_127' title='bbox 677 1855 816 1928; x_wconf 88' lang='lat' dir='ltr'>auctore,</span> <span class='ocrx_word' id='word_1_128' title='bbox 835 1847 934 1910; x_wconf 91' lang='lat' dir='ltr'>immo</span> <span class='ocrx_word' id='word_1_129' title='bbox 951 1850 1043 1911; x_wconf 86' lang='lat' dir='ltr'>Aeon</span> <span class='ocrx_word' id='word_1_130' title='bbox 1061 1851 1186 1931; x_wconf 88' lang='lat' dir='ltr'>patrem</span> <span class='ocrx_word' id='word_1_131' title='bbox 1205 1849 1319 1929; x_wconf 81' lang='lat' dir='ltr'>nescir,</span> <span class='ocrx_word' id='word_1_132' title='bbox 1342 1848 1416 1912; x_wconf 83' lang='lat' dir='ltr'>desi·</span> 
     </span>
     <span class='ocr_line' id='line_1_16' title="bbox 290 1952 1418 2036; baseline 0 -20"><span class='ocrx_word' id='word_1_133' title='bbox 290 1952 382 2017; x_wconf 90' lang='lat' dir='ltr'>dcrat</span> <span class='ocrx_word' id='word_1_134' title='bbox 400 1973 494 2017; x_wconf 90' lang='lat' dir='ltr'>nosse</span> <span class='ocrx_word' id='word_1_135' title='bbox 513 1973 575 2018; x_wconf 88' lang='lat' dir='ltr'>nec</span> <span class='ocrx_word' id='word_1_136' title='bbox 594 1955 706 2036; x_wconf 90' lang='lat' dir='ltr'>potest.</span> <span class='ocrx_word' id='word_1_137' title='bbox 735 1952 833 2035; x_wconf 86' lang='lat' dir='ltr'>Apud</span> <span class='ocrx_word' id='word_1_138' title='bbox 850 1971 925 2015; x_wconf 90' lang='lat' dir='ltr'>vera</span> <span class='ocrx_word' id='word_1_139' title='bbox 941 1952 1108 2017; x_wconf 89' lang='lat' dir='ltr'>credentes</span> <span class='ocrx_word' id='word_1_140' title='bbox 1124 1954 1213 2018; x_wconf 90' lang='lat' dir='ltr'>solus</span> <span class='ocrx_word' id='word_1_141' title='bbox 1230 1954 1320 2018; x_wconf 91' lang='lat' dir='ltr'>filius</span> <span class='ocrx_word' id='word_1_142' title='bbox 1336 1955 1418 2018; x_wconf 83' lang='lat' dir='ltr'>novit</span> 
     </span>
     <span class='ocr_line' id='line_1_17' title="bbox 291 2055 1418 2140; baseline 0 -20"><span class='ocrx_word' id='word_1_143' title='bbox 291 2060 421 2140; x_wconf 89' lang='lat' dir='ltr'>patrem,</span> <span class='ocrx_word' id='word_1_144' title='bbox 438 2059 531 2120; x_wconf 91' lang='lat' dir='ltr'>cuius</span> <span class='ocrx_word' id='word_1_145' title='bbox 547 2057 676 2140; x_wconf 85' lang='lat' dir='ltr'>perficit</span> <span class='ocrx_word' id='word_1_146' title='bbox 691 2055 895 2119; x_wconf 88' lang='lat' dir='ltr'>voluntatem.</span> <span class='ocrx_word' id='word_1_147' title='bbox 920 2055 1005 2137; x_wconf 76' lang='lat' dir='ltr'>‘quis</span> <span class='ocrx_word' id='word_1_148' title='bbox 1021 2057 1109 2119; x_wconf 90' lang='lat' dir='ltr'>enim</span> <span class='ocrx_word' id='word_1_149' title='bbox 1124 2055 1418 2137; x_wconf 62' lang='grc'><strong>(238(10-10111)</strong></span> 
     </span>
     <span class='ocr_line' id='line_1_18' title="bbox 289 2158 1420 2244; baseline 0.002 -21"><span class='ocrx_word' id='word_1_150' title='bbox 289 2160 353 2224; x_wconf 88' lang='lat' dir='ltr'>soit</span> <span class='ocrx_word' id='word_1_151' title='bbox 376 2178 458 2242; x_wconf 90' lang='lat' dir='ltr'>qnae</span> <span class='ocrx_word' id='word_1_152' title='bbox 482 2160 604 2223; x_wconf 87' lang='lat' dir='ltr'>sintin</span> <span class='ocrx_word' id='word_1_153' title='bbox 628 2158 696 2242; x_wconf 89' lang='lat' dir='ltr'>deo,</span> <span class='ocrx_word' id='word_1_154' title='bbox 725 2160 788 2223; x_wconf 92' lang='lat' dir='ltr'>nisi</span> <span class='ocrx_word' id='word_1_155' title='bbox 814 2159 954 2243; x_wconf 68' lang='lat' dir='ltr'>spiritus</span> <span class='ocrx_word' id='word_1_156' title='bbox 983 2160 1038 2242; x_wconf 92' lang='lat' dir='ltr'>qui</span> <span class='ocrx_word' id='word_1_157' title='bbox 1062 2161 1097 2222; x_wconf 92' lang='lat' dir='ltr'>in</span> <span class='ocrx_word' id='word_1_158' title='bbox 1120 2161 1194 2244; x_wconf 90' lang='lat' dir='ltr'>ipso</span> <span class='ocrx_word' id='word_1_159' title='bbox 1219 2163 1307 2225; x_wconf 70' lang='lat' dir='ltr'>esti&#39;</span> <span class='ocrx_word' id='word_1_160' title='bbox 1343 2161 1420 2238; x_wconf 85' lang='lat' dir='ltr'>Quia</span> 
     </span>
     <span class='ocr_line' id='line_1_19' title="bbox 289 2263 1420 2346; baseline 0 -20"><span class='ocrx_word' id='word_1_161' title='bbox 289 2282 397 2327; x_wconf 89' lang='lat' dir='ltr'>sermo</span> <span class='ocrx_word' id='word_1_162' title='bbox 422 2263 535 2346; x_wconf 88' lang='lat' dir='ltr'>spiritu</span> <span class='ocrx_word' id='word_1_163' title='bbox 559 2266 701 2326; x_wconf 88' lang='lat' dir='ltr'>structus</span> <span class='ocrx_word' id='word_1_164' title='bbox 724 2265 773 2326; x_wconf 98' lang='grc' dir='ltr'>θεῖ</span> <span class='ocrx_word' id='word_1_165' title='bbox 791 2267 823 2325; x_wconf 89' lang='lat' dir='ltr'>et</span> <span class='ocrx_word' id='word_1_166' title='bbox 841 2281 957 2344; x_wconf 89' lang='lat' dir='ltr'>corpus</span> <span class='ocrx_word' id='word_1_167' title='bbox 976 2263 1133 2325; x_wconf 89' lang='lat' dir='ltr'>sermonis</span> <span class='ocrx_word' id='word_1_168' title='bbox 1153 2265 1297 2346; x_wconf 78' lang='lat' dir='ltr'>spiritns,</span> <span class='ocrx_word' id='word_1_169' title='bbox 1321 2284 1420 2328; x_wconf 88' lang='lat' dir='ltr'>sermo</span> 
     </span>
     <span class='ocr_line' id='line_1_20' title="bbox 291 2366 1422 2450; baseline 0 -22"><span class='ocrx_word' id='word_1_170' title='bbox 291 2384 420 2449; x_wconf 90' lang='lat' dir='ltr'>semper</span> <span class='ocrx_word' id='word_1_171' title='bbox 442 2366 477 2427; x_wconf 91' lang='lat' dir='ltr'>in</span> <span class='ocrx_word' id='word_1_172' title='bbox 499 2367 588 2448; x_wconf 88' lang='lat' dir='ltr'>patre</span> <span class='ocrx_word' id='word_1_173' title='bbox 614 2371 670 2444; x_wconf 89' lang='lat' dir='ltr'>est,</span> <span class='ocrx_word' id='word_1_174' title='bbox 695 2384 872 2447; x_wconf 90' lang='lat' dir='ltr'>numquam</span> <span class='ocrx_word' id='word_1_175' title='bbox 895 2368 1021 2448; x_wconf 88' lang='lat' dir='ltr'>apatre</span> <span class='ocrx_word' id='word_1_176' title='bbox 1040 2371 1206 2447; x_wconf 88' lang='lat' dir='ltr'>separatus</span> <span class='ocrx_word' id='word_1_177' title='bbox 1226 2373 1286 2430; x_wconf 84' lang='lat' dir='ltr'>est</span> <span class='ocrx_word' id='word_1_178' title='bbox 1316 2367 1422 2450; x_wconf 84' lang='lat' dir='ltr'>Pergit</span> 
     </span>
     <span class='ocr_line' id='line_1_21' title="bbox 292 2465 1420 2552; baseline 0.001 -20"><span class='ocrx_word' id='word_1_179' title='bbox 292 2488 381 2532; x_wconf 90' lang='lat' dir='ltr'>nuno</span> <span class='ocrx_word' id='word_1_180' title='bbox 409 2474 521 2532; x_wconf 90' lang='lat' dir='ltr'>auctor</span> <span class='ocrx_word' id='word_1_181' title='bbox 544 2465 859 2550; x_wconf 66' lang='lat' dir='ltr'>(238116-10117p</span> <span class='ocrx_word' id='word_1_182' title='bbox 891 2467 983 2532; x_wconf 75' lang='lat' dir='ltr'>‘haec</span> <span class='ocrx_word' id='word_1_183' title='bbox 1013 2469 1074 2532; x_wconf 90' lang='lat' dir='ltr'>erit</span> <span class='ocrx_word' id='word_1_184' title='bbox 1105 2468 1240 2552; x_wconf 90' lang='lat' dir='ltr'>probola</span> <span class='ocrx_word' id='word_1_185' title='bbox 1271 2471 1420 2551; x_wconf 81' lang='lat' dir='ltr'>veritatis,</span> 
     </span>
     <span class='ocr_line' id='line_1_22' title="bbox 290 2570 1419 2655; baseline 0.002 -22"><span class='ocrx_word' id='word_1_186' title='bbox 290 2575 400 2634; x_wconf 88' lang='lat' dir='ltr'>custos</span> <span class='ocrx_word' id='word_1_187' title='bbox 420 2571 561 2652; x_wconf 88' lang='lat' dir='ltr'>unitatis,</span> <span class='ocrx_word' id='word_1_188' title='bbox 586 2591 650 2653; x_wconf 90' lang='lat' dir='ltr'>qua</span> <span class='ocrx_word' id='word_1_189' title='bbox 668 2574 826 2654; x_wconf 88' lang='lat' dir='ltr'>profatum</span> <span class='ocrx_word' id='word_1_190' title='bbox 846 2571 983 2636; x_wconf 90' lang='lat' dir='ltr'>dicimus</span> <span class='ocrx_word' id='word_1_191' title='bbox 998 2570 1105 2635; x_wconf 82' lang='lat' dir='ltr'>filium</span> <span class='ocrx_word' id='word_1_192' title='bbox 1124 2592 1142 2635; x_wconf 93' lang='lat' dir='ltr'>a</span> <span class='ocrx_word' id='word_1_193' title='bbox 1160 2578 1262 2655; x_wconf 91' lang='lat' dir='ltr'>patre,</span> <span class='ocrx_word' id='word_1_194' title='bbox 1283 2572 1340 2637; x_wconf 90' lang='lat' dir='ltr'>sed</span> <span class='ocrx_word' id='word_1_195' title='bbox 1358 2592 1419 2636; x_wconf 92' lang='lat' dir='ltr'>non</span> 
     </span>
     <span class='ocr_line' id='line_1_23' title="bbox 290 2673 1420 2757; baseline 0.003 -21"><span class='ocrx_word' id='word_1_196' title='bbox 290 2675 480 2757; x_wconf 88' lang='lat' dir='ltr'>separatum.</span> <span class='ocrx_word' id='word_1_197' title='bbox 523 2674 657 2757; x_wconf 89' lang='lat' dir='ltr'>protulit</span> <span class='ocrx_word' id='word_1_198' title='bbox 689 2674 775 2738; x_wconf 91' lang='lat' dir='ltr'>enim</span> <span class='ocrx_word' id='word_1_199' title='bbox 808 2673 888 2738; x_wconf 89' lang='lat' dir='ltr'>deus</span> <span class='ocrx_word' id='word_1_200' title='bbox 921 2693 1115 2757; x_wconf 89' lang='lat' dir='ltr'>sermonem,</span> <span class='ocrx_word' id='word_1_201' title='bbox 1150 2675 1420 2757; x_wconf 87' lang='lat' dir='ltr'>quomadmodum</span> 
     </span>
     <span class='ocr_line' id='line_1_24' title="bbox 292 2777 1421 2862; baseline 0.004 -21"><span class='ocrx_word' id='word_1_202' title='bbox 292 2778 389 2841; x_wconf 89' lang='lat' dir='ltr'>etiam</span> <span class='ocrx_word' id='word_1_203' title='bbox 412 2777 592 2860; x_wconf 89' lang='lat' dir='ltr'>paracletus</span> <span class='ocrx_word' id='word_1_204' title='bbox 616 2777 718 2862; x_wconf 85' lang='lat' dir='ltr'>docet,</span> <span class='ocrx_word' id='word_1_205' title='bbox 742 2781 827 2843; x_wconf 88' lang='lat' dir='ltr'>siout</span> <span class='ocrx_word' id='word_1_206' title='bbox 850 2779 944 2843; x_wconf 82' lang='lat' dir='ltr'>radix</span> <span class='ocrx_word' id='word_1_207' title='bbox 967 2779 1117 2844; x_wconf 80' lang='lat' dir='ltr'>fruticem</span> <span class='ocrx_word' id='word_1_208' title='bbox 1141 2784 1174 2844; x_wconf 86' lang='lat' dir='ltr'>et</span> <span class='ocrx_word' id='word_1_209' title='bbox 1191 2781 1267 2845; x_wconf 89' lang='lat' dir='ltr'>fons</span> <span class='ocrx_word' id='word_1_210' title='bbox 1286 2782 1421 2845; x_wconf 84' lang='lat' dir='ltr'>fluvium</span> 
     </span>
     <span class='ocr_line' id='line_1_25' title="bbox 291 2880 1421 2966; baseline 0.003 -22"><span class='ocrx_word' id='word_1_211' title='bbox 291 2886 324 2944; x_wconf 90' lang='lat' dir='ltr'>et</span> <span class='ocrx_word' id='word_1_212' title='bbox 341 2881 389 2944; x_wconf 87' lang='lat' dir='ltr'>sol</span> <span class='ocrx_word' id='word_1_213' title='bbox 407 2880 542 2944; x_wconf 89' lang='lat' dir='ltr'>radium.</span> <span class='ocrx_word' id='word_1_214' title='bbox 573 2882 639 2962; x_wconf 82' lang='lat'><strong>(20)</strong></span> <span class='ocrx_word' id='word_1_215' title='bbox 659 2902 735 2946; x_wconf 89' lang='lat' dir='ltr'>nam</span> <span class='ocrx_word' id='word_1_216' title='bbox 754 2885 786 2946; x_wconf 88' lang='lat' dir='ltr'>et</span> <span class='ocrx_word' id='word_1_217' title='bbox 803 2883 884 2946; x_wconf 86' lang='lat' dir='ltr'>istae</span> <span class='ocrx_word' id='word_1_218' title='bbox 902 2883 1026 2966; x_wconf 89' lang='lat' dir='ltr'>species</span> <span class='ocrx_word' id='word_1_219' title='bbox 1045 2881 1197 2965; x_wconf 90' lang='lat' dir='ltr'>probolae</span> <span class='ocrx_word' id='word_1_220' title='bbox 1216 2890 1296 2947; x_wconf 91' lang='lat' dir='ltr'>sunt</span> <span class='ocrx_word' id='word_1_221' title='bbox 1315 2903 1421 2948; x_wconf 85' lang='lat' dir='ltr'>aarum</span> 
     </span>
     <span class='ocr_line' id='line_1_26' title="bbox 290 2983 1421 3070; baseline 0.003 -23"><span class='ocrx_word' id='word_1_222' title='bbox 290 2984 556 3065; x_wconf 69' lang='lat' dir='ltr'>substantiam,</span> <span class='ocrx_word' id='word_1_223' title='bbox 585 3004 626 3048; x_wconf 86' lang='lat' dir='ltr'>ex</span> <span class='ocrx_word' id='word_1_224' title='bbox 651 2986 768 3067; x_wconf 92' lang='lat' dir='ltr'>quibus</span> <span class='ocrx_word' id='word_1_225' title='bbox 792 2985 959 3070; x_wconf 87' lang='lat' dir='ltr'>prodeunt.</span> <span class='ocrx_word' id='word_1_226' title='bbox 992 3005 1053 3050; x_wconf 89' lang='lat' dir='ltr'>nec</span> <span class='ocrx_word' id='word_1_227' title='bbox 1076 2983 1295 3050; x_wconf 88' lang='lat' dir='ltr'>dubitaverim</span> <span class='ocrx_word' id='word_1_228' title='bbox 1317 2988 1421 3050; x_wconf 85' lang='lat' dir='ltr'>filium</span> 
     </span>
     <span class='ocr_line' id='line_1_27' title="bbox 290 3087 1421 3173; baseline 0.003 -22"><span class='ocrx_word' id='word_1_229' title='bbox 290 3087 400 3152; x_wconf 88' lang='lat' dir='ltr'>dicere</span> <span class='ocrx_word' id='word_1_230' title='bbox 424 3093 457 3152; x_wconf 89' lang='lat' dir='ltr'>et</span> <span class='ocrx_word' id='word_1_231' title='bbox 478 3087 597 3151; x_wconf 87' lang='lat' dir='ltr'>radicis</span> <span class='ocrx_word' id='word_1_232' title='bbox 620 3087 771 3152; x_wconf 84' lang='lat' dir='ltr'>fruticem</span> <span class='ocrx_word' id='word_1_233' title='bbox 796 3091 828 3152; x_wconf 89' lang='lat' dir='ltr'>et</span> <span class='ocrx_word' id='word_1_234' title='bbox 850 3088 949 3152; x_wconf 89' lang='lat' dir='ltr'>fontis</span> <span class='ocrx_word' id='word_1_235' title='bbox 972 3088 1109 3152; x_wconf 79' lang='lat' dir='ltr'>fiuvium</span> <span class='ocrx_word' id='word_1_236' title='bbox 1135 3095 1166 3151; x_wconf 90' lang='lat' dir='ltr'>et</span> <span class='ocrx_word' id='word_1_237' title='bbox 1190 3088 1268 3152; x_wconf 89' lang='lat' dir='ltr'>solis</span> <span class='ocrx_word' id='word_1_238' title='bbox 1288 3090 1421 3173; x_wconf 86' lang='lat' dir='ltr'>radium,</span> 
     </span>
     <span class='ocr_line' id='line_1_28' title="bbox 290 3190 1423 3279; baseline 0.004 -25"><span class='ocrx_word' id='word_1_239' title='bbox 290 3192 368 3274; x_wconf 88' lang='lat' dir='ltr'>quia</span> <span class='ocrx_word' id='word_1_240' title='bbox 391 3191 495 3253; x_wconf 91' lang='lat' dir='ltr'>omnis</span> <span class='ocrx_word' id='word_1_241' title='bbox 519 3190 607 3272; x_wconf 78' lang='lat' dir='ltr'>origo</span> <span class='ocrx_word' id='word_1_242' title='bbox 632 3209 748 3272; x_wconf 89' lang='lat' dir='ltr'>parens</span> <span class='ocrx_word' id='word_1_243' title='bbox 772 3196 821 3255; x_wconf 88' lang='lat' dir='ltr'>est</span> <span class='ocrx_word' id='word_1_244' title='bbox 843 3197 875 3254; x_wconf 89' lang='lat' dir='ltr'>ct</span> <span class='ocrx_word' id='word_1_245' title='bbox 898 3210 1001 3272; x_wconf 90' lang='lat' dir='ltr'>omne,</span> <span class='ocrx_word' id='word_1_246' title='bbox 1025 3190 1110 3274; x_wconf 92' lang='lat' dir='ltr'>quod</span> <span class='ocrx_word' id='word_1_247' title='bbox 1135 3212 1175 3256; x_wconf 87' lang='lat' dir='ltr'>cx</span> <span class='ocrx_word' id='word_1_248' title='bbox 1201 3194 1329 3277; x_wconf 84' lang='lat' dir='ltr'>origine</span> <span class='ocrx_word' id='word_1_249' title='bbox 1352 3215 1423 3279; x_wconf 74' lang='lat' dir='ltr'>pro</span> 
     </span>
     <span class='ocr_line' id='line_1_29' title="bbox 289 3293 1423 3382; baseline 0.004 -26"><span class='ocrx_word' id='word_1_250' title='bbox 289 3293 403 3374; x_wconf 86' lang='lat' dir='ltr'>fertur,</span> <span class='ocrx_word' id='word_1_251' title='bbox 426 3293 597 3375; x_wconf 87' lang='lat' dir='ltr'>progenies</span> <span class='ocrx_word' id='word_1_252' title='bbox 622 3295 678 3374; x_wconf 87' lang='lat' dir='ltr'>est,</span> <span class='ocrx_word' id='word_1_253' title='bbox 701 3293 801 3357; x_wconf 91' lang='lat' dir='ltr'>multo</span> <span class='ocrx_word' id='word_1_254' title='bbox 826 3293 927 3377; x_wconf 83' lang='lat' dir='ltr'>magis</span> <span class='ocrx_word' id='word_1_255' title='bbox 946 3312 1050 3358; x_wconf 90' lang='lat' dir='ltr'>sermo</span> <span class='ocrx_word' id='word_1_256' title='bbox 1071 3293 1133 3375; x_wconf 86' lang='lat' dir='ltr'>dei,</span> <span class='ocrx_word' id='word_1_257' title='bbox 1157 3297 1213 3377; x_wconf 82' lang='lat' dir='ltr'>qui</span> <span class='ocrx_word' id='word_1_258' title='bbox 1234 3297 1333 3360; x_wconf 88' lang='lat' dir='ltr'>etianr</span> <span class='ocrx_word' id='word_1_259' title='bbox 1353 3318 1423 3382; x_wconf 78' lang='lat' dir='ltr'>pro</span> 
     </span>
     <span class='ocr_line' id='line_1_30' title="bbox 290 3393 1423 3478; baseline 0.006 -22"><span class='ocrx_word' id='word_1_260' title='bbox 290 3396 360 3477; x_wconf 88' lang='lat' dir='ltr'>prie</span> <span class='ocrx_word' id='word_1_261' title='bbox 383 3413 501 3457; x_wconf 92' lang='lat' dir='ltr'>nomen</span> <span class='ocrx_word' id='word_1_262' title='bbox 524 3393 586 3456; x_wconf 89' lang='lat' dir='ltr'>filii</span> <span class='ocrx_word' id='word_1_263' title='bbox 610 3396 741 3478; x_wconf 88' lang='lat' dir='ltr'>accepit.</span> <span class='ocrx_word' id='word_1_264' title='bbox 774 3395 840 3476; x_wconf 83' lang='grc'><strong>(25)</strong></span> <span class='ocrx_word' id='word_1_265' title='bbox 858 3414 919 3459; x_wconf 89' lang='lat' dir='ltr'>nec</span> <span class='ocrx_word' id='word_1_266' title='bbox 936 3395 1047 3460; x_wconf 82' lang='lat' dir='ltr'>frutex</span> <span class='ocrx_word' id='word_1_267' title='bbox 1067 3401 1174 3459; x_wconf 87' lang='lat' dir='ltr'>tamen</span> <span class='ocrx_word' id='word_1_268' title='bbox 1195 3418 1214 3460; x_wconf 88' lang='lat' dir='ltr'>a</span> <span class='ocrx_word' id='word_1_269' title='bbox 1232 3397 1344 3463; x_wconf 89' lang='lat' dir='ltr'>radice</span> <span class='ocrx_word' id='word_1_270' title='bbox 1363 3419 1423 3463; x_wconf 85' lang='lat' dir='ltr'>noo</span> 
     </span>
     <span class='ocr_line' id='line_1_31' title="bbox 290 3495 1423 3579; baseline 0.008 -22"><span class='ocrx_word' id='word_1_271' title='bbox 290 3495 414 3559; x_wconf 88' lang='lat' dir='ltr'>fluvius</span> <span class='ocrx_word' id='word_1_272' title='bbox 437 3515 456 3558; x_wconf 93' lang='lat' dir='ltr'>a</span> <span class='ocrx_word' id='word_1_273' title='bbox 478 3495 566 3559; x_wconf 92' lang='lat' dir='ltr'>fonte</span> <span class='ocrx_word' id='word_1_274' title='bbox 594 3515 656 3560; x_wconf 87' lang='lat' dir='ltr'>nec</span> <span class='ocrx_word' id='word_1_275' title='bbox 683 3495 792 3560; x_wconf 91' lang='lat' dir='ltr'>radius</span> <span class='ocrx_word' id='word_1_276' title='bbox 821 3517 840 3560; x_wconf 89' lang='lat' dir='ltr'>a</span> <span class='ocrx_word' id='word_1_277' title='bbox 867 3498 934 3562; x_wconf 87' lang='lat' dir='ltr'>soie</span> <span class='ocrx_word' id='word_1_278' title='bbox 963 3497 1172 3579; x_wconf 84' lang='lat' dir='ltr'>discernitur,</span> <span class='ocrx_word' id='word_1_279' title='bbox 1202 3502 1290 3565; x_wconf 92' lang='lat' dir='ltr'>sicut</span> <span class='ocrx_word' id='word_1_280' title='bbox 1317 3521 1423 3566; x_wconf 88' lang='lat' dir='ltr'>neca</span> 
     </span>
     <span class='ocr_line' id='line_1_32' title="bbox 291 3595 1423 3689; baseline 0.008 -29"><span class='ocrx_word' id='word_1_281' title='bbox 291 3595 352 3661; x_wconf 89' lang='lat' dir='ltr'>deo</span> <span class='ocrx_word' id='word_1_282' title='bbox 371 3616 485 3661; x_wconf 90' lang='lat' dir='ltr'>sermo.</span> <span class='ocrx_word' id='word_1_283' title='bbox 517 3599 616 3681; x_wconf 84' lang='lat' dir='ltr'>igitur</span> <span class='ocrx_word' id='word_1_284' title='bbox 633 3597 812 3663; x_wconf 88' lang='lat' dir='ltr'>secundum</span> <span class='ocrx_word' id='word_1_285' title='bbox 828 3600 943 3664; x_wconf 90' lang='lat' dir='ltr'>horum</span> <span class='ocrx_word' id='word_1_286' title='bbox 959 3603 1180 3687; x_wconf 89' lang='lat' dir='ltr'>exemplorum</span> <span class='ocrx_word' id='word_1_287' title='bbox 1198 3603 1336 3668; x_wconf 85' lang='lat' dir='ltr'>formam</span> <span class='ocrx_word' id='word_1_288' title='bbox 1352 3626 1423 3689; x_wconf 93' lang='lat' dir='ltr'>pro·</span> 
     </span>
     <span class='ocr_line' id='line_1_33' title="bbox 291 3699 1422 3791; baseline 0.008 -29"><span class='ocrx_word' id='word_1_289' title='bbox 291 3699 387 3764; x_wconf 90' lang='lat' dir='ltr'>fiteor</span> <span class='ocrx_word' id='word_1_290' title='bbox 402 3719 453 3764; x_wconf 91' lang='lat' dir='ltr'>me</span> <span class='ocrx_word' id='word_1_291' title='bbox 470 3700 551 3764; x_wconf 89' lang='lat' dir='ltr'>duos</span> <span class='ocrx_word' id='word_1_292' title='bbox 567 3700 675 3766; x_wconf 79' lang='lat' dir='ltr'>dIcere</span> <span class='ocrx_word' id='word_1_293' title='bbox 692 3701 787 3766; x_wconf 88' lang='lat' dir='ltr'>deum</span> <span class='ocrx_word' id='word_1_294' title='bbox 804 3702 930 3786; x_wconf 77' lang='grc'><strong>(23911)</strong></span> <span class='ocrx_word' id='word_1_295' title='bbox 952 3712 984 3769; x_wconf 87' lang='grc' dir='ltr'>θῖ</span> <span class='ocrx_word' id='word_1_296' title='bbox 998 3725 1180 3771; x_wconf 90' lang='lat' dir='ltr'>sermonem</span> <span class='ocrx_word' id='word_1_297' title='bbox 1197 3707 1278 3788; x_wconf 89' lang='lat' dir='ltr'>eius,</span> <span class='ocrx_word' id='word_1_298' title='bbox 1300 3715 1422 3791; x_wconf 85' lang='lat' dir='ltr'>patrem</span> 
     </span>
     <span class='ocr_line' id='line_1_34' title="bbox 291 3802 1421 3893; baseline 0.009 -28"><span class='ocrx_word' id='word_1_299' title='bbox 291 3807 325 3866; x_wconf 89' lang='lat' dir='ltr'>et</span> <span class='ocrx_word' id='word_1_300' title='bbox 346 3802 453 3866; x_wconf 87' lang='lat' dir='ltr'>filium</span> <span class='ocrx_word' id='word_1_301' title='bbox 476 3803 588 3887; x_wconf 89' lang='lat' dir='ltr'>ipsius.</span> <span class='ocrx_word' id='word_1_302' title='bbox 622 3825 696 3868; x_wconf 90' lang='lat' dir='ltr'>narn</span> <span class='ocrx_word' id='word_1_303' title='bbox 720 3810 752 3869; x_wconf 89' lang='lat' dir='ltr'>et</span> <span class='ocrx_word' id='word_1_304' title='bbox 774 3805 866 3869; x_wconf 88' lang='lat' dir='ltr'>radix</span> <span class='ocrx_word' id='word_1_305' title='bbox 891 3810 924 3870; x_wconf 89' lang='grc' dir='ltr'>θῖ</span> <span class='ocrx_word' id='word_1_306' title='bbox 945 3807 1054 3874; x_wconf 85' lang='lat' dir='ltr'>frutex</span> <span class='ocrx_word' id='word_1_307' title='bbox 1079 3809 1160 3874; x_wconf 91' lang='lat' dir='ltr'>duae</span> <span class='ocrx_word' id='word_1_308' title='bbox 1183 3829 1237 3874; x_wconf 90' lang='lat' dir='ltr'>res</span> <span class='ocrx_word' id='word_1_309' title='bbox 1256 3817 1343 3893; x_wconf 90' lang='lat' dir='ltr'>sunt,</span> <span class='ocrx_word' id='word_1_310' title='bbox 1367 3810 1421 3875; x_wconf 88' lang='lat' dir='ltr'>sed</span> 
     </span>
     <span class='ocr_line' id='line_1_35' title="bbox 289 3908 1419 3995; baseline 0.009 -26"><span class='ocrx_word' id='word_1_311' title='bbox 289 3908 500 3987; x_wconf 82' lang='lat' dir='ltr'>coniunctae3</span> <span class='ocrx_word' id='word_1_312' title='bbox 519 3914 551 3972; x_wconf 91' lang='grc' dir='ltr'>θῖ</span> <span class='ocrx_word' id='word_1_313' title='bbox 566 3908 638 3972; x_wconf 89' lang='lat' dir='ltr'>fons</span> <span class='ocrx_word' id='word_1_314' title='bbox 654 3911 686 3972; x_wconf 88' lang='lat' dir='ltr'>et</span> <span class='ocrx_word' id='word_1_315' title='bbox 700 3909 824 3975; x_wconf 86' lang='lat' dir='ltr'>flumen</span> <span class='ocrx_word' id='word_1_316' title='bbox 840 3909 922 3975; x_wconf 91' lang='lat' dir='ltr'>duae</span> <span class='ocrx_word' id='word_1_317' title='bbox 939 3912 1064 3995; x_wconf 88' lang='lat' dir='ltr'>species</span> <span class='ocrx_word' id='word_1_318' title='bbox 1077 3920 1160 3994; x_wconf 87' lang='lat' dir='ltr'>sunt,</span> <span class='ocrx_word' id='word_1_319' title='bbox 1173 3912 1230 3977; x_wconf 90' lang='lat' dir='ltr'>sed</span> <span class='ocrx_word' id='word_1_320' title='bbox 1243 3913 1419 3989; x_wconf 62' lang='lat' dir='ltr'>indivisam</span> 
     </span>
     <span class='ocr_line' id='line_1_36' title="bbox 291 4009 1418 4096; baseline 0.007 -24"><span class='ocrx_word' id='word_1_321' title='bbox 291 4013 324 4072; x_wconf 90' lang='lat' dir='ltr'>et</span> <span class='ocrx_word' id='word_1_322' title='bbox 347 4009 394 4073; x_wconf 92' lang='lat' dir='ltr'>sol</span> <span class='ocrx_word' id='word_1_323' title='bbox 418 4012 450 4074; x_wconf 91' lang='lat' dir='ltr'>et</span> <span class='ocrx_word' id='word_1_324' title='bbox 473 4009 583 4074; x_wconf 89' lang='lat' dir='ltr'>radius</span> <span class='ocrx_word' id='word_1_325' title='bbox 607 4009 689 4074; x_wconf 88' lang='lat' dir='ltr'>duae</span> <span class='ocrx_word' id='word_1_326' title='bbox 712 4011 833 4075; x_wconf 89' lang='lat' dir='ltr'>formae</span> <span class='ocrx_word' id='word_1_327' title='bbox 856 4018 943 4096; x_wconf 91' lang='lat' dir='ltr'>sunt,</span> <span class='ocrx_word' id='word_1_328' title='bbox 972 4014 1029 4078; x_wconf 89' lang='lat' dir='ltr'>sed</span> <span class='ocrx_word' id='word_1_329' title='bbox 1058 4014 1279 4081; x_wconf 88' lang='lat' dir='ltr'>cohaerentes.</span> <span class='ocrx_word' id='word_1_330' title='bbox 1319 4036 1418 4096; x_wconf 86' lang='lat' dir='ltr'>omne,</span> 
     </span>
     <span class='ocr_line' id='line_1_37' title="bbox 291 4110 1419 4201; baseline 0.007 -27"><span class='ocrx_word' id='word_1_331' title='bbox 291 4110 380 4192; x_wconf 90' lang='lat' dir='ltr'>quod</span> <span class='ocrx_word' id='word_1_332' title='bbox 402 4111 509 4195; x_wconf 90' lang='lat' dir='ltr'>prodit</span> <span class='ocrx_word' id='word_1_333' title='bbox 531 4131 572 4177; x_wconf 93' lang='lat' dir='ltr'>ex</span> <span class='ocrx_word' id='word_1_334' title='bbox 593 4112 709 4195; x_wconf 90' lang='lat' dir='ltr'>aliquo,</span> <span class='ocrx_word' id='word_1_335' title='bbox 734 4113 913 4178; x_wconf 91' lang='lat' dir='ltr'>secundum</span> <span class='ocrx_word' id='word_1_336' title='bbox 932 4117 975 4197; x_wconf 84' lang='lat'>(5)</span> <span class='ocrx_word' id='word_1_337' title='bbox 994 4118 1036 4180; x_wconf 90' lang='lat' dir='ltr'>sit</span> <span class='ocrx_word' id='word_1_338' title='bbox 1055 4118 1124 4181; x_wconf 89' lang='lat' dir='ltr'>eius</span> <span class='ocrx_word' id='word_1_339' title='bbox 1144 4137 1280 4183; x_wconf 89' lang='lat' dir='ltr'>necesse</span> <span class='ocrx_word' id='word_1_340' title='bbox 1301 4126 1357 4201; x_wconf 87' lang='lat' dir='ltr'>est,</span> <span class='ocrx_word' id='word_1_341' title='bbox 1381 4118 1419 4182; x_wconf 83' lang='lat' dir='ltr'>de</span> 
     </span>
     <span class='ocr_line' id='line_1_38' title="bbox 290 4213 1417 4302; baseline 0.01 -26"><span class='ocrx_word' id='word_1_342' title='bbox 290 4234 356 4296; x_wconf 91' lang='lat' dir='ltr'>quo</span> <span class='ocrx_word' id='word_1_343' title='bbox 379 4213 493 4298; x_wconf 85' lang='lat' dir='ltr'>prodit,</span> <span class='ocrx_word' id='word_1_344' title='bbox 516 4235 582 4278; x_wconf 89' lang='lat' dir='ltr'>non</span> <span class='ocrx_word' id='word_1_345' title='bbox 605 4214 679 4280; x_wconf 92' lang='lat' dir='ltr'>ideo</span> <span class='ocrx_word' id='word_1_346' title='bbox 702 4219 808 4282; x_wconf 89' lang='lat' dir='ltr'>tamen</span> <span class='ocrx_word' id='word_1_347' title='bbox 832 4220 881 4282; x_wconf 89' lang='lat' dir='ltr'>est</span> <span class='ocrx_word' id='word_1_348' title='bbox 903 4221 1093 4302; x_wconf 87' lang='lat' dir='ltr'>separatum.</span> <span class='ocrx_word' id='word_1_349' title='bbox 1125 4220 1291 4286; x_wconf 85' lang='lat' dir='ltr'>secundus</span> <span class='ocrx_word' id='word_1_350' title='bbox 1314 4226 1417 4287; x_wconf 85' lang='lat' dir='ltr'>autem</span> 
     </span>
    </p>
   </div>
   <div class='ocr_carea' id='block_1_3' title="bbox 0 0 1479 4784">
    <p class='ocr_par' dir='ltr' id='par_1_3' title="bbox 0 0 1479 4784">
     <span class='ocr_line' id='line_1_39' title="bbox 0 0 1479 4784; baseline 0 0"><span class='ocrx_word' id='word_1_351' title='bbox 0 0 1479 4784; x_wconf 95' lang='lat' dir='ltr'> </span> 
     </span>
    </p>
   </div>
  </div>
 </body>
</html>
