3248 4910
353 368 395 432 72
774 375 810 429 M.
829 374 1052 441 Mainomena,

352 547 572 632 inscriptionis
599 547 702 612 torma
728 545 858 612 laudem
885 545 1028 612 locustae
1056 547 1112 610 aut
1139 545 1209 610 avis
1235 545 1414 610 cuiusdam
1442 563 1505 610 ea-

354 655 476 716 nerent
506 650 599 734 Vide,
619 670 716 734 quam
735 649 910 714 artificiosa
927 651 1024 732 atque
1040 647 1175 713 verbosa
1190 647 1339 730 querella
1354 655 1505 712 utantur

353 753 516 838 Meleager
542 752 944 838 (AntholPol.V11195.
968 753 1043 833 196)
1070 756 1127 816 aut
1154 751 1292 816 Archias
1304 755 1327 832 ¹)
1354 749 1503 834 (ibidem

354 857 429 922 213.
446 858 531 939 214).
565 855 652 920 Hinc
672 853 791 939 pendet
809 853 946 918 Ovidius
954 856 988 936 ²),
1012 854 1068 937 qui
1091 857 1162 918 Am.
1178 854 1212 918 Π
1229 856 1248 918 6
1273 875 1394 938 magno
1418 875 1504 920 ver-

352 979 449 1025 suum
471 978 607 1024 numero
630 959 801 1041 psittacum
821 957 980 1022 Corinnae
999 977 1064 1022 non
1082 962 1147 1021 tam
1165 956 1274 1040 deflet,
1298 977 1402 1040 quarn
1421 979 1504 1024 ora-

353 1064 441 1128 tione
463 1061 594 1128 funebri
617 1061 862 1146 prosequiturll.

446 1215 465 1284 ¹)
478 1215 554 1283 Quos
567 1217 643 1268 certe
653 1211 810 1269 imitatione
820 1213 958 1283 expressit
968 1213 1102 1282 Catullus,
1112 1229 1175 1268 cum
1186 1217 1329 1270 munuum
1339 1231 1502 1284 passerem

352 1298 436 1355 dellet
453 1299 522 1370 (13),
542 1298 593 1353 sed
612 1298 736 1368 elegiaco
754 1304 845 1354 metro
864 1315 922 1355 non
940 1300 1035 1356 utitur.

443 1387 463 1455 Ι)
482 1383 617 1440 Conieras
630 1383 780 1453 Radiugeq
793 1385 933 1454 Meleager
948 1401 1005 1440 von
1018 1384 1131 1440 Gadara
1146 1401 1172 1454 p.
1181 1383 1231 1439 44:
1250 1385 1423 1456 ‘Meleagros
1440 1387 1500 1444 hat

352 1469 439 1526 leicht
457 1469 630 1540 produciert,
649 1469 711 1524 dies
729 1470 817 1526 kannt
834 1487 902 1526 man
921 1469 1018 1539 jodam
1036 1470 1132 1526 seiner
1149 1470 1381 1526 wohllautenden
1401 1472 1501 1528 verse

353 1570 400 1622 an,
420 1570 451 1608 er
470 1553 508 1608 iat
525 1553 617 1608 hierin
636 1552 721 1609 ovid
740 1554 864 1624 thulich,
887 1555 938 1610 mit
962 1555 1026 1611 dem
1045 1571 1112 1610 man
1130 1555 1179 1610 ihn
1201 1555 1292 1612 achon
1315 1557 1407 1612 (ittera
1425 1575 1501 1613 ver·

353 1639 464 1708 glichen
486 1638 546 1693 hat’
571 1643 599 1694 et
622 1639 835 1696 adnotationem
855 1641 869 1696 1
890 1641 927 1697 ad
945 1658 970 1711 p.
983 1640 1034 1696 lt:
1058 1641 1133 1697 ‘Was
1151 1641 1290 1708 Ribbeck,
1315 1641 1420 1697 Gasch.
1438 1644 1501 1699 der

354 1722 515 1778 rbmiseben
533 1722 673 1794 Dichtunq
692 1725 715 1779 ll
734 1743 760 1795 p.
774 1725 828 1780 310
850 1741 907 1780 von
925 1725 997 1783 Ouid
1018 1729 1089 1796 aagt,
1112 1725 1172 1782 lact
1194 1725 1256 1782 sich
1279 1726 1347 1782 sehr
1366 1733 1417 1798 gut
1440 1727 1502 1784 aui

353 1809 493 1878 Meleager
511 1809 696 1880 iibertragen'.

444 1895 465 1966 ¹)
489 1895 618 1951 Breviter
640 1897 675 1952 da
699 1896 790 1952 Ovidii
815 1898 886 1953 1116
908 1897 1042 1952 Amorum
1065 1901 1094 1952 et
1116 1895 1251 1966 Antiphili
1275 1895 1420 1966 spigant
1437 1896 1498 1951 277

353 1982 465 2037 Anthol.
481 1981 541 2036 Pal.
558 1981 744 2049 disseramus;
771 1997 844 2051 quae
862 1981 991 2036 carmina
1008 1981 1066 2036 ianr
1085 1981 1224 2050 Birgerus
1242 1980 1279 2049 (p.
1295 1980 1329 2034 17
1336 1996 1380 2050 sq.
1401 1979 1497 2035 libelli

353 2067 409 2137 sui)
428 2067 502 2122 inter
520 2083 551 2121 se
564 2067 746 2135 comparavit.
765 2067 885 2135 Uterque
899 2071 984 2137 poeta
998 2066 1088 2120 rivum
1102 2065 1261 2136 alloquitur,
1281 2064 1330 2134 qui
1349 2063 1497 2120 imbribus

354 2155 438 2220 atque
460 2151 572 2206 nivibus
596 2155 695 2206 auctus
718 2150 843 2220 impedit,
867 2151 1016 2222 quominus
1035 2149 1159 2205 uiatores
1177 2165 1242 2204 eum
1260 2154 1430 2217 transeant;
1455 2151 1494 2205 ci.

354 2237 451 2290 v.1.2
471 2235 606 2305 Antiphili
625 2236 847 2306 epigrammatis:

533 2321 707 2388 Λαβροπόδη
728 2321 872 2388 χειμορρε,
891 2318 918 2373 rt
937 2321 972 2387 δὴ
991 2319 1077 2373 τόκον
1097 2319 1155 2373 ὧδε
1172 2319 1294 2388 soporo]

568 2407 662 2461 Πεζὸν
682 2404 842 2460 ἀποκλείων
860 2405 941 2472 ῐχνοε
960 2403 1144 2472 ὁδοιπορίης

355 2497 383 2548 et
401 2509 428 2548 ν.
443 2492 498 2548 1.2
517 2490 610 2547 Ovidii
629 2491 779 2547 carminis:

534 2575 631 2631 Amnis
651 2575 857 2630 harundinibus
875 2575 992 2632 limosas
1010 2576 1101 2631 obsite
1120 2575 1205 2645 ripas,

587 2659 630 2714 Ad
649 2659 793 2714 dominam
811 2676 947 2730 propero:
967 2660 1034 2716 siste
1053 2675 1205 2730 parumper
1223 2675 1328 2732 aquas;

355 2751 472 2816 uterque
491 2745 527 2801 de
546 2744 661 2800 sordido
681 2745 774 2800 colore
793 2761 885 2816 aquae
904 2745 1033 2812 disserit;
1052 2746 1088 2802 cf.
1107 2745 1243 2814 Antiphili
1262 2761 1289 2799 ν.
1302 2745 1328 2799 3.
1343 2745 1377 2800 ὃς

528 2825 567 2884 Ἠ
590 2831 701 2895 μεθὺειε
720 2831 856 2898 ὀμβροιει,
876 2829 921 2885 καὶ
940 2831 975 2884 οὐ
995 2831 1140 2898 Νὺμφαιει
1158 2831 1271 2894 διουγὲε

590 2917 673 2980 Νᾱμα
693 2916 799 2983 φέρεις,
820 2918 952 2982 θολεραῑε
971 2916 995 2970 δ’
1009 2915 1138 2983 ὴράνιεαι
1156 2915 1290 2982 νεφέλαι(

357 3005 385 3058 et
402 3001 506 3056 multos
524 3000 604 3056 locos
618 2999 710 3056 Ovidii
729 3000 836 3071 elegiae
853 3000 896 3071 (ut
914 2999 939 3054 7.
953 3000 979 3056 8.
992 2999 1028 3055 93
1035 3000 1095 3070 sq).
1115 2999 1241 3070 Denique
1262 3004 1382 3069 uterque
1401 3005 1496 3071 optat.

355 3090 386 3143 ut
404 3087 448 3142 sol
467 3087 557 3141 nuum
570 3085 701 3153 exsiccet,
721 3090 752 3140 ut
769 3101 892 3156 poenam
911 3083 1026 3154 dignam
1039 3084 1183 3154 accipiens
1201 3099 1278 3153 aqua
1290 3084 1435 3154 privatum
1455 3087 1494 3141 ct.

355 3171 492 3242 Antiphili
511 3189 537 3225 ν.
550 3171 576 3225 b.
590 3170 621 3224 ti:

516 3252 643 3321 Ὀψομαι
661 3251 747 3323 belliq
768 3269 796 3308 εε
815 3254 996 3324 κεκαυμένον,
1016 3254 1090 3308 deut
1109 3253 1232 3320 ἐλέγχειν

556 3339 605 3394 ltcl
622 3339 744 3404 γόνιμον
764 3344 906 3405 ποταμῶν
924 3338 969 3394 καὶ
987 3339 1077 3392 νόθον
1096 3337 1175 3394 οἶδεν
1193 3340 1283 3408 ὕδωρ.

358 3433 385 3484 et
404 3426 496 3484 Ovidii
515 3443 540 3481 ν.
556 3425 685 3481 106.106;

534 3511 570 3564 At
588 3509 639 3564 tibi
658 3509 844 3580 promeritis,
863 3512 938 3579 opto,
957 3523 1015 3563 uon
1034 3507 1157 3564 candide
1175 3512 1296 3580 torrens,

588 3595 650 3650 Sint
669 3595 759 3664 rapidi
778 3596 855 3650 soles
874 3595 1006 3665 siccaque
1024 3609 1135 3663 semper
1153 3594 1258 3649 hiems!

355 3681 489 3738 Videmus
502 3679 586 3750 igitur
598 3695 696 3736 omnes
709 3681 768 3735 lere
781 3679 937 3735 sententias
950 3678 1085 3749 Antiphili
1104 3679 1179 3748 apud
1192 3679 1322 3735 Ovidium
1335 3696 1491 3737 recurrere.

356 3765 390 3822 Ut
403 3765 598 3832 diiudicemus‚
618 3781 685 3818 num
699 3763 815 3818 Ovidius
827 3765 999 3834 Antiphilum
1018 3763 1150 3832 imitetur,
1169 3765 1236 3834 quid
1253 3764 1328 3821 inter
1339 3771 1492 3837 utrumqne

356 3850 476 3918 intersit,
496 3850 563 3919 quid
582 3849 682 3904 Ouidio
701 3849 846 3918 proprium
864 3849 908 3916 sit,
929 3864 1106 3919 quaeramus.

446 3933 528 4004 Apud
546 3933 720 4002 Antiphilam
739 3933 831 3988 viator
849 3937 968 4004 tantum,
987 3934 1035 4004 qui
1053 3933 1205 4004 impeditur
1223 3940 1357 4003 torrente,
1376 3937 1492 4006 conspi-

357 4019 437 4088 citur,
450 4019 526 4087 apud
535 4018 666 4075 Ovidium
679 4021 797 4086 amator,
810 4019 858 4087 qui
872 4018 908 4074 ad
921 4019 1043 4088 puellam
1053 4026 1193 4090 properat.
1207 4021 1304 4091 ltaque
1317 4021 1366 4076 ille
1380 4021 1489 4078 tlumini

357 4103 527 4173 persuadere
547 4103 642 4158 studet
659 4103 778 4172 (23sq.):

537 4187 666 4243 Flumina
684 4188 820 4244 deberent
838 4188 956 4243 invenes
975 4187 1005 4242 in
1024 4203 1120 4244 amore
1139 4189 1253 4255 iurare;

573 4273 728 4328 Flumina
745 4277 933 4329 senserunt
952 4273 1040 4343 ipsa,
1060 4273 1140 4342 quid
1159 4275 1252 4328 esset
1270 4289 1372 4330 amor.
