3406 4786
189 360 337 432 Epistulae
350 361 506 417 amatoriae
517 361 657 432 quomodo
666 362 839 418 cohaereant
847 379 912 418 cum
922 362 1019 432 elegiis
1025 362 1232 418 Alexandrinis.
1261 357 1323 421 101

191 532 290 598 lieres
309 537 373 597 tam
395 531 571 598 concordes
591 534 677 597 domi
695 552 774 599 suae
791 534 1013 616 immorentur,
1032 554 1128 617 quam
1146 553 1270 599 amores
1288 536 1323 599 in

193 641 335 720 pectore,
351 641 479 720 praeter
499 636 754 720 expectationem
775 636 941 701 inducitur
958 639 1054 720 atque
1069 638 1172 721 ipsius
1189 637 1327 703 debetur

192 739 356 804 lasciviae.
389 738 455 802 Cur
478 738 717 803 Aristaenetum
746 737 833 802 aliud
861 740 1027 823 exemplar
1057 740 1149 824 aequi
1180 741 1327 807 dicamus

193 862 290 925 quam
316 843 552 926 epigrammata,
577 840 725 923 equidem
750 862 816 906 non
839 842 942 906 vidae.

284 945 347 1010 Sed
372 944 599 1026 Gollniscbius,
626 947 665 1008 ut
693 945 827 1029 elegiam
854 945 1056 1011 intercedere
1078 946 1199 1031 probet,
1228 947 1323 1012 Pauli

193 1048 371 1112 Silentiarii
393 1049 496 1112 utitur
514 1048 741 1131 epigrammate
760 1047 881 1126 v232;
905 1050 993 1114 huno
1012 1051 1098 1114 enim
1117 1055 1242 1134 poetam
1261 1051 1327 1116 ele-

192 1151 508 1235 giasAlexandrinas
518 1151 680 1216 lectitasse
690 1153 784 1216 tertio
795 1151 1094 1218 dissertatiunculae
1104 1155 1207 1237 capite
1218 1156 1325 1219 osten-

194 1256 271 1321 dere
288 1261 422 1320 conatus
442 1256 517 1319 erat
542 1253 612 1331 Quo
629 1255 857 1338 epigrammate
876 1257 992 1321 mulier
1007 1276 1042 1321 se
1058 1277 1166 1322 amore
1181 1258 1323 1322 virorum

192 1359 367 1449 multorum
387 1358 453 1422 irui
471 1357 634 1442 gloriatur.
659 1357 705 1421 Cf.
722 1358 756 1420 in
776 1359 889 1441 primis
907 1361 1005 1423 Antb.
1021 1360 1087 1424 Pal.
1103 1359 1132 1423 V
1148 1360 1222 1443 232,
1239 1361 1268 1424 2.
1286 1363 1322 1424 3:

409 1476 464 1539 Ἐν
489 1477 524 1538 δέ
548 1475 746 1555 Λεανδρείοιε
770 1475 878 1554 χείλεα
901 1478 1083 1555 πηγνυμένη

366 1578 483 1643 Εἰκόνα
505 1581 563 1656 τὴν
585 1578 726 1643 Ξάνθοιο
751 1580 844 1657 φέρω
869 1579 1016 1657 φρεεί·κ.
1032 1600 1058 1643 τ.
1075 1580 1098 1644 t.

194 1701 227 1760 et
254 1694 452 1759 Aristaeneti
479 1693 592 1758 1111:
625 1699 674 1758 καὶ
702 1695 821 1777 θατέρᾳ
849 1697 952 1759 ευνιλιν
981 1694 1040 1759 οὐκ
1067 1693 1240 1773 ἀμνημονῶ
1267 1700 1324 1775 τῆε

193 1800 314 1879 ἑτέρας,
329 1799 387 1875 τὴν
400 1797 507 1861 εἰκόνα
519 1798 634 1875 ταύτης
651 1797 702 1861 ἐπὶ
713 1801 769 1874 τῆε
785 1800 890 1875 ψυχῆς
906 1797 1115 1862 ἀναπλάττων
1128 1803 1161 1862 et
1173 1796 1280 1862 Ovidii
1291 1798 1325 1862 Π

195 1901 412 1981 10,15-17:
1257 1920 1259 1923 ’

284 2015 347 2081 Sed
370 2023 477 2080 tamen
501 2017 563 2081 hoc
585 2016 711 2099 maline,
736 2036 831 2100 quam
855 2018 883 2081 si
906 2017 977 2081 sine
1001 2037 1109 2082 amore
1132 2018 1289 2082 iacerem:

328 2118 484 2184 Hostibus
509 2121 636 2185 eveniat
659 2121 725 2184 vita
748 2140 861 2185 severa
884 2120 981 2198 meis3

282 2222 441 2288 Hostibus
465 2224 593 2289 eveniat
615 2223 713 2287 viduo
738 2222 878 2287 dormire
902 2221 1009 2286 cubili.

192 2342 226 2403 et
249 2339 343 2403 Pauli
367 2340 542 2405 Silentiarii
565 2339 694 2404 Anthol.
711 2339 777 2404 Pal.
793 2339 824 2401 V
841 2340 917 2421 232,
935 2340 963 2402 7.
981 2340 1018 2402 8:

356 2457 502 2535 Ἀφνειήν
527 2458 697 2536 Κυθέρειαν
720 2457 905 2535 ύπέρχομαι.
929 2453 955 2519 εἰ
979 2455 1015 2517 όέ
1037 2475 1081 2519 τιε
1105 2455 1176 2534 ἡμῖν

403 2561 577 2643 Μέμφεται,
601 2561 636 2624 ἐν
659 2563 749 2643 πενίῃ
774 2561 908 2639 μιμνέτω
932 2558 1084 2642 οῐογάμιμ.

192 2675 284 2743 Ηιιοο
311 2677 393 2743 bene
421 2680 604 2743 consentire
633 2678 720 2743 dicit
751 2677 815 2742 Sed
838 2676 933 2759 longe
957 2675 1044 2739 aliud
1067 2676 1186 2740 Paulus
1210 2678 1325 2740 tractat
1409 2737 1412 2744 .

192 2786 434 2864 argumentum
450 2800 556 2864 neque
573 2782 658 2845 enim
675 2782 716 2847 de
728 2781 850 2864 duplici
866 2799 974 2844 amore
987 2781 1053 2863 agit
1068 2798 1173 2862 neque
1190 2779 1326 2862 quaerit,

191 2903 272 2947 num
288 2885 395 2947 anima
415 2885 501 2948 bunc
520 2884 605 2949 ferre
621 2885 739 2968 possit,
761 2882 975 2947 insatiabilem
992 2881 1137 2946 mulieris
1158 2881 1325 2946 libidinem

193 2986 346 3071 depingit,
371 3005 452 3069 quae
475 2993 581 3051 tamen
601 2986 701 3050 alium
716 2992 830 3051 tenens
849 2984 889 3048 ad
907 2986 1006 3049 alium
1026 3003 1153 3068 semper
1172 2986 1326 3050 memoria

193 3087 354 3154 delabitur
372 3095 468 3171 atque
488 3090 548 3154 bac
567 3090 719 3153 varietate
739 3089 791 3153 vel
809 3090 950 3154 maxime
969 3088 1187 3171 delectatum).
1211 3088 1326 3172 Neque

409 3249 517 3304 Δίδωτι
535 3252 652 3304 πολλαῑε
672 3249 711 3304 alc
730 3251 803 3317 ἀνὴρ
824 3250 1018 3316 κοινούμενοε,

401 3334 547 3389 Ἔκτειναε
566 3336 600 3387 ἂν
619 3335 708 3400 τόεο’;
728 3333 777 3388 εἶτ’
793 3333 948 3400 όπληετίαν
967 3335 1068 3400 λέχουτ

408 3421 515 3474 Πόταιε
532 3419 640 3484 γυναιξὶ
659 3420 827 3486 προετιθεῑε’
842 3420 877 3472 ἂν
896 3419 1029 3485 ηύρέθητ.

410 3504 532 3572 Αἰεχρόν
550 3518 597 3569 γε·
616 3503 707 3558 καίτοι
726 3503 831 3571 χείρον’
846 3504 975 3570 όρεένων
994 3504 1079 3557 νότον

407 3592 520 3656 Ταύτην
539 3594 688 3654 νοεοθμεν,
707 3590 778 3642 ἀλλὰ
796 3589 979 3655 προύετημεν
999 3586 1099 3642 καλῶς.

286 3678 307 3742 ¹)
324 3675 458 3731 Meretrix
477 3675 517 3729 ita
536 3674 711 3729 describitur.
742 3674 878 3728 Conferas
890 3673 1001 3728 Libanii
1014 3672 1257 3744 prosopopoeiam,
1277 3673 1323 3728 cui

194 3762 289 3817 titulus
309 3766 366 3816 est:
386 3760 482 3815 ‘l’lvet
499 3762 534 3813 bv
551 3760 626 3814 εῐποι
642 3761 745 3824 λόγου(
757 3761 852 3827 πόρνη
867 3760 1084 3826 εωφρονήεαεα’
1095 3759 1140 3828 (lv
1152 3776 1178 3828 p.
1191 3759 1260 3814 1044
1279 3759 1323 3814 ed.

192 3844 320 3916 Reiske):
334 3846 375 3899 ἔτι
384 3846 611 3912 περιπλεκομένη
624 3847 676 3899 τόν
687 3847 772 3908 δεῖνα,
782 3847 834 3898 τόν
843 3844 962 3912 πληείον
973 3846 1122 3912 ἐθήρευον,
1136 3844 1323 3898 ἀπέεκωπτον

191 3936 234 3999 τῷ
252 3930 358 3995 γείτονι
377 3929 564 3997 ψιθυρίζουεα
583 3972 631 3987 ...
652 3931 715 3985 ἐξόν
731 3947 780 3999 τοι,
799 3931 889 3999 γύναι,
909 3929 954 3983 καὶ
972 3932 1135 3997 εωφρονεῖν
1148 3929 1193 3983 καὶ
1207 3929 1323 3995 φεύγειν

192 4016 246 4082 τὴν
259 4016 460 4083 ἀφρογένειαν.
485 4015 519 4069 Et
531 4015 666 4069 Libanius
685 4018 712 4069 et
725 4015 829 4070 Paulus
845 4014 946 4069 iisdem
965 4014 1023 4069 lere
1036 4013 1178 4069 coloribus
1197 4016 1322 4080 utuntur,

192 4101 249 4155 nisi
268 4100 343 4170 quod
356 4099 491 4155 Libanius
510 4099 617 4169 argenti
637 4115 725 4155 causa
743 4101 796 4154 hoc
809 4099 984 4154 meretricem
997 4099 1089 4154 lacere
1106 4099 1200 4166 sumit,
1218 4098 1323 4153 Paulus

192 4185 347 4240 feliciorem
366 4185 435 4240 dicit
458 4189 486 4239 et
505 4184 636 4240 ditiorem
654 4184 830 4239 meretricem
850 4200 934 4255 quam
958 4186 1098 4252 εὼφρονα
1115 4186 1240 4250 γυναῖκα.
1267 4185 1322 4239 Re·

192 4270 314 4340 spondet
331 4270 416 4340 igitur
433 4269 640 4340 quodammodo
658 4268 785 4325 Libanio
