3248 4910
369 375 433 439 116
795 380 831 436 ld.
849 379 1074 449 licinamann,

475 551 559 631 Quid
584 553 671 636 mihi,
694 554 723 616 si
745 552 854 618 lucras
877 552 1011 618 miseros
1035 552 1180 619 laesurus
1203 573 1337 635 amores,

518 655 661 722 Foedera
684 675 741 740 por
763 654 864 739 divos,
888 656 970 721 clam
993 655 1149 738 violanda,
1173 655 1295 720 dabas?

474 763 505 826 A
529 758 633 842 miser,
658 758 740 824 etsi
763 761 837 842 quis
860 759 963 843 primo
987 759 1130 844 periuria
1152 759 1243 842 celat,

518 864 598 929 Sera
620 863 727 926 tamen
749 860 856 926 tacitis
878 879 982 945 poena
1004 862 1093 926 venit
1114 859 1259 945 podibus.

474 966 608 1048 Parcite,
631 962 801 1029 coelestes:
826 983 965 1047 aequum
988 970 1038 1030 est
1059 963 1192 1049 impune
1215 965 1314 1032 licere

518 1067 662 1133 Numina
683 1067 833 1132 formosis
856 1067 984 1134 laedere
1008 1071 1114 1134 vestra
1136 1068 1244 1134 semel.

365 1195 490 1273 Quibus
514 1193 661 1260 versibus
683 1193 829 1258 Tibullus
856 1214 1005 1279 puerum,
1030 1195 1087 1278 qui
1109 1193 1238 1260 foedera
1261 1195 1416 1258 amatoria
1440 1215 1492 1278 per
1595 1171 1596 1176 ἵ

366 1297 442 1363 deos
465 1299 570 1362 iurata
593 1295 731 1380 laeserit
755 1297 963 1364 vehementer
984 1297 1192 1384 reprehendit
1214 1303 1247 1363 et
1269 1303 1379 1362 tamen
1403 1319 1422 1362 a
1444 1296 1491 1362 dis
1595 1307 1596 1330 ¹

365 1402 454 1485 petit,
477 1402 515 1466 nt
537 1399 585 1464 illi
607 1399 857 1484 pulchritudinis
880 1401 983 1484 gratia
1005 1407 1172 1486 peccatum
1195 1401 1296 1466 semel
1316 1401 1490 1486 ignoscant

366 1504 538 1588 Compares
563 1504 758 1568 Aristaeneti
780 1504 814 1568 H
838 1506 874 1568 9:
903 1504 987 1569 ἀλλὰ
1008 1505 1131 1584 τούμὸν
1154 1505 1251 1586 μέρος
1274 1504 1492 1570 ἀνυπεύθυνος

366 1605 429 1686 εἴης
451 1611 517 1672 τοῖς
540 1603 655 1686 dorion
679 1611 772 1688 θεοῖς,
796 1605 821 1671 εί
845 1607 974 1671 καὶτὸν
998 1611 1163 1672 ποθοῦντα
1187 1607 1227 1685 μή
1249 1607 1394 1689 tropen,
1419 1609 1492 1685 μηδὲ

366 1710 519 1788 ςονθήκας
547 1709 648 1784 ἔγνως
676 1708 860 1789 ἐνωμότους
888 1709 1055 1789 φυλάττειν
1085 1713 1116 1774 et
1137 1709 1157 1774 l.
1174 1708 1193 1774 l.
1216 1708 1335 1774 Tibulli
1364 1709 1492 1793 elegiae.

365 1809 455 1876 Idem
474 1813 579 1878 autem
599 1811 689 1878 locus
708 1813 792 1896 apud
809 1811 949 1878 eundern
965 1811 1126 1876 Tibullum
1141 1813 1280 1878 recurrit
1297 1811 1360 1895 16,
1379 1815 1422 1876 55
1434 1831 1491 1895 sq:

495 1936 537 2002 m
559 1937 619 2002 tibi
641 1937 751 2003 nescio
776 1957 856 2021 quas
879 1937 970 2022 dixit
994 1957 1065 2002 mea
1087 1937 1188 2020 Delia,
1211 1955 1347 2022 poenas:

540 2045 574 2110 Si
598 2048 703 2110 tamen
726 2043 883 2128 admittas,
906 2045 949 2110 sit
972 2065 1085 2130 precor
1106 2045 1162 2110 illa
1183 2045 1274 2128 levis,

366 2176 402 2235 ut
429 2170 512 2236 ultro
540 2171 603 2236 iam
632 2173 782 2256 appareat
807 2171 915 2236 locum
938 2190 1010 2236 esse
1034 2172 1126 2254 quasi
1150 2190 1367 2254 communem,
1399 2190 1491 2255 quem

365 2291 490 2338 summa
515 2294 589 2339 eum
611 2274 766 2358 gravitate
791 2275 943 2358 omnique
962 2278 1077 2340 ornatu
1095 2275 1252 2340 sermonis
1276 2275 1401 2358 prolort
1418 2275 1491 2338 Pro·
1595 2281 1596 2320 3

365 2378 496 2461 portius,
512 2377 667 2445 mediocri
682 2379 803 2444 aflectu
818 2381 1023 2462 persequitur
1038 2379 1271 2460 Aristaenetus
1286 2378 1404 2443 leviter
1419 2397 1488 2444 cum

365 2481 481 2546 ceteris
504 2482 672 2566 coniungit
692 2480 845 2547 Tibullus.

453 2589 503 2654 Ne
526 2589 644 2656 Leonis
668 2591 741 2672 quis
769 2589 989 2674 copiosissima
1016 2588 1264 2672 doctissimaque
1288 2587 1489 2654 adnotatione

364 2689 405 2754 ad
428 2691 585 2776 Propertii
610 2711 739 2758 carmen
762 2693 882 2776 11120,
906 2696 1023 2777 13sqq.
1047 2693 1166 2778 scriptu
1192 2693 1317 2775 (Rhein.
1340 2691 1488 2758 Museum

365 2795 407 2856 55
426 2796 537 2877 (1900)
560 2815 589 2879 p.
608 2797 683 2878 604)
707 2796 870 2881 abutatur,
893 2799 931 2862 ut
956 2800 1086 2882 propter
1109 2797 1222 2864 foedus
1241 2799 1328 2863 inter
1349 2799 1489 2862 amantes

364 2895 399 2959 in
419 2897 567 2961 omnibus
586 2897 636 2962 his
654 2897 735 2964 locis
752 2901 1034 2965 commemoratum
1054 2919 1109 2965 eos
1130 2899 1252 2985 elegiae
1270 2899 1433 2966 adscribat
1451 2935 1489 2946 -

364 3000 492 3065 illorum
516 3001 602 3065 enim
625 3001 792 3068 foederum
815 3002 971 3086 originem
996 3002 1061 3067 Leo
1089 3021 1129 3068 ex
1153 3003 1284 3069 foedere
1308 3003 1488 3068 meretricio

363 3105 487 3189 repetit
511 3103 604 3168 cuius
628 3106 792 3190 exemplar
809 3105 965 3170 hebemus
987 3107 1021 3169 in
1039 3105 1146 3171 Plauti
1164 3107 1316 3171 Asinaria
1335 3107 1398 3170 751
1413 3125 1488 3189 sqq,

365 3209 460 3291 atque
484 3207 560 3272 talia
582 3207 713 3274 foedera
734 3229 792 3292 per
815 3209 948 3290 elegiam
966 3209 1119 3274 Romanis
1142 3212 1268 3274 tantum
1287 3209 1404 3274 tradita
1422 3229 1489 3274 esse

364 3309 418 3375 ille
441 3308 636 3376 contendere
659 3308 789 3376 videtur
810 3347 862 3394 -,
886 3314 985 3377 totam
1003 3312 1133 3395 quidem
1156 3313 1252 3396 illam,
1276 3332 1358 3396 quae
1382 3318 1432 3377 est
1452 3310 1489 3375 de

364 3413 494 3478 foedere
516 3413 678 3496 amatorio,
697 3415 919 3498 quaestionem
941 3415 1003 3480 hoc
1024 3415 1096 3480 loco
1120 3435 1171 3480 me
1192 3435 1320 3481 movere
1339 3415 1426 3480 nolle
1443 3433 1490 3479 re·

364 3515 505 3600 spondeo
524 3536 632 3600 neque
653 3516 831 3602 quidquam
847 3516 887 3582 de
904 3517 1062 3602 Propertii
1078 3519 1220 3595 carmine
1236 3517 1286 3582 Ill
1302 3519 1354 3600 20,
1373 3519 1413 3582 13
1424 3537 1488 3600 sqq.

365 3623 515 3686 statuere.
538 3619 682 3684 Foedera
699 3622 805 3686 tamen
822 3622 893 3685 iure
911 3619 1048 3686 iurando
1068 3623 1190 3686 sacrata
1208 3622 1354 3686 extitisse
1373 3621 1408 3684 in
1428 3621 1489 3684 vita
1595 3625 1596 3628 ’

365 3724 531 3788 hominnm
550 3722 766 3789 Alexandriae
789 3727 822 3788 et
838 3723 959 3790 Romae
983 3724 1056 3808 quis
1073 3712 1264 3809 locupletior
1282 3725 1373 3790 testis
1396 3743 1488 3807 quarn

366 3827 533 3891 Catullus?
572 3826 675 3903 Quem
703 3847 817 3892 venem
845 3829 985 3912 speciem
1016 3834 1111 3911 atque
1137 3827 1291 3912 loquendi
1320 3827 1490 3892 formulam

366 3929 522 3994 elitteris
549 3932 671 3994 tantum
698 3931 866 4015 repetiisse
895 3932 967 4015 quis
994 3930 1106 4014 credit
1130 3951 1204 3998 curn
1226 3931 1280 3997 ille
1303 3949 1491 3996 commemo

366 4035 453 4098 reret
475 4033 509 4096 in
534 4033 674 4098 carmine
700 4035 780 4099 109:

496 4157 686 4242 Iooundum,
710 4179 781 4224 mea
804 4161 877 4242 vita,
901 4161 980 4224 mihi
1003 4161 1155 4245 proponis
1178 4179 1320 4225 amorem

540 4265 638 4333 Hunc
660 4273 807 4332 nostrum
829 4267 997 4334 internos
1019 4272 1277 4354 perpetuumque
1300 4269 1380 4336 fore.
