3406 4786
185 343 332 415 Epistulae
346 344 502 399 amatoriae
516 345 656 413 quomodo
669 344 841 400 cohaereant
854 361 918 400 cum
933 345 1030 414 elegiis
1040 345 1246 400 Alexandrinis.
1277 341 1318 401 55

278 515 346 579 Iam
375 516 415 579 ad
442 516 512 599 ipsa
538 521 703 598 poetarum
729 514 1025 581 Alexandrinorum
1054 518 1196 581 carmina
1224 518 1321 584 deve·

187 619 305 700 nimus,
330 638 413 701 quae
437 619 561 702 etipsa
584 620 808 684 Aristaenetus
832 620 987 701 adhibuit,
1015 623 1053 684 ut
1075 641 1113 684 ea
1136 623 1321 705 paraphrasi

187 721 327 805 quadam
344 722 384 786 ad
400 723 656 787 narratiunculas
673 723 851 788 transierat
875 723 981 807 Ipsam
999 727 1105 788 autem
1126 725 1208 789 hanc
1228 744 1320 790 exer-

187 826 374 890 citationem
394 826 662 909 —paraphrasin
684 826 755 889 dico
773 864 815 872 —
835 825 921 910 apud
939 827 1084 891 rhetores
1108 847 1171 891 usu
1192 828 1320 892 venisse

186 932 325 993 testatur
343 928 562 1006 Quintilianus
585 929 658 1010 (19,
676 930 712 1006 2;
738 929 771 992 X
788 931 816 1010 5,
833 931 906 1011 4)¹).
940 932 1049 1012 Atque
1074 930 1319 995 celeberrimum

188 1031 321 1115 quidem
341 1033 535 1116 exemplum,
560 1032 730 1115 epistulam
754 1032 839 1114 110,
863 1053 926 1114 qua
948 1033 1076 1097 Acontii
1100 1037 1132 1098 et
1157 1033 1320 1117 Cydippae

186 1155 315 1199 amores
330 1139 509 1218 narrantur,
531 1155 572 1200 ex
590 1136 693 1200 Aetiis
710 1135 896 1200 Callimachi
913 1136 1083 1220 repetitum
1102 1157 1172 1201 esse
1189 1137 1321 1201 Carolus

188 1238 322 1322 Dilthey
337 1240 429 1304 docte
444 1241 634 1322 exposuittl.
659 1239 806 1304 Alterum
821 1241 1005 1324 exemplum
1018 1241 1322 1322 Reitzensteinius³l

187 1343 223 1406 in
254 1343 392 1426 epistula
422 1343 499 1406 115
529 1341 678 1426 detegere
709 1342 772 1406 sibi
802 1344 891 1407 visus
923 1350 984 1423 est,
1015 1364 1080 1427 qua
1107 1345 1322 1429 Aphrodisius

188 1446 321 1529 quidam
346 1445 386 1510 de
405 1446 534 1509 Amoris
559 1446 611 1510 dei
635 1447 666 1509 vi
689 1446 853 1529 praefatus
873 1447 1013 1530 exponit,
1037 1448 1196 1529 quomodo
1220 1468 1323 1530 quon·

188 1547 261 1612 dam
293 1569 355 1632 pax
384 1549 469 1613 inter
492 1547 636 1612 Milesios
665 1552 697 1612 et
721 1548 869 1630 Myusios
898 1552 1075 1633 composita
1098 1553 1147 1614 sit
1187 1551 1323 1615 Milesiis

188 1652 276 1716 enim
306 1671 454 1735 pompam
482 1651 604 1715 Dianae
635 1650 842 1733 ducentibus,
873 1653 967 1716 cuius
997 1654 1170 1737 participes
1201 1654 1323 1736 Myusii

188 1761 289 1835 erant,
308 1754 481 1837 Phrygius
505 1774 564 1819 rex
584 1754 792 1836 Milesiorum,
812 1774 919 1820 amore
939 1755 1072 1839 Pieriae,
1096 1757 1184 1821 filiae
1205 1757 1322 1821 nobilis

640 1897 687 1950 xu
706 1897 749 1964 eo,
771 1897 856 1952 1-4:

373 1985 472 2040 Elrdvo
493 1988 543 2052 μέν
561 1986 676 2053 Παρίην
695 1987 867 2053 ζωογλύφος
887 1988 962 2040 livor*
978 1985 1110 2054 Ἔρωτος

405 2071 588 2139 Πραξιτέλης,
610 2072 751 2138 Κύπριδος
770 2075 856 2126 παῑδα
874 2074 1089 2141 τυπωςύμενος,

372 2158 432 2210 Νύν
451 2158 506 2210 δ’ὁ
527 2160 604 2210 θεῶν
623 2158 766 2210 καλλιςτος
778 2153 875 2223 Ἔρως
894 2159 1026 2224 ἔμψυχον
1045 2160 1156 2223 ἄγαλμα

410 2244 504 2296 Αὑτὸν
524 2242 708 2309 ἀπεικονίςας,
728 2244 828 2296 έπλαςε
846 2243 1031 2310 Πραξιτέλην.

628 2344 656 2395 et
674 2342 721 2395 ΧΗ
739 2342 782 2410 57,
803 2341 886 2396 1-4:

369 2432 545 2497 Πραξιτέλης
564 2432 580 2484 δ
600 2432 685 2484 παλαι
704 2431 876 2498 ζωογλύφος
895 2431 983 2497 ἁβρὸν
1003 2434 1113 2498 ἄγαλμα

399 2514 566 2582 Ἄψυχον,
589 2519 704 2582 μορφᾶς
723 2517 827 2581 κωφὸν
846 2517 939 2570 ἔτευξε
957 2517 1058 2584 τύπον,

373 2601 488 2668 Πέτρον
508 2602 724 2668 ένειδοφορῶν·
745 2603 761 2655 δ
781 2603 812 2655 δὲ
830 2607 891 2668 νύν,
911 2604 1048 2670 ἔμψυχα
1069 2604 1209 2670 μαγεύων,

404 2689 462 2741 Τὸν
480 2692 695 2754 τριπανούργον
707 2685 814 2754 Ἔρωτ’
829 2689 946 2742 έπλοςεν
966 2689 997 2742 έν
1017 2689 1125 2758 κραδίη.

189 2791 224 2846 Ut
244 2791 274 2845 in
293 2791 546 2846 declamationibus
570 2791 715 2846 rhetorum
737 2791 781 2859 (ct.
806 2791 823 2844 l.
838 2807 861 2844 c.
887 2790 1059 2847 Onomarchi
1079 2797 1107 2847 et
1126 2791 1236 2846 Libanii
1256 2792 1324 2846 torni

189 2879 224 2934 Ill
237 2896 262 2948 p.
278 2879 347 2932 1097
367 2878 409 2932 ed.
428 2877 546 2932 Reislre:
572 2879 657 2931 οὐδὲν
677 2879 733 2944 ᾰρα
751 2878 871 2931 κάλλους
891 2877 947 2932 ἐςτί
965 2878 1178 2943 δυνατώτερον,
1203 2877 1259 2941 εῑγε
1279 2876 1323 2930 καὶ

190 2965 237 3016 διὰ
260 2962 426 3028 χρωμάτων
448 2966 540 3028 θηρᾶν
565 2960 716 3029 έπίςτοται,
741 2962 865 3016 καὶτοῖς
889 2963 1037 3028 ἀψύχοις
1061 2961 1214 3015 ύλὶςκεςθαι
1233 2979 1324 3028 παρα-

190 3048 314 3102 ςκευοζει
330 3049 366 3100 τὰ
385 3047 547 3114 ἔμψυχα),
573 3047 613 3100 ita
625 3047 656 3101 in
674 3048 885 3116 epigrammatis
903 3046 1035 3115 Meleagri
1055 3046 1194 3102 adiectiva
1212 3048 1324 3113 ἄψυχος
1415 3102 1424 3124 0

191 3138 219 3187 et
232 3134 362 3198 ἔμψυχος
380 3132 434 3186 sihi
447 3138 634 3201 opponuntur,
648 3137 677 3187 et
689 3136 800 3188 statuae
819 3149 883 3187 cnm
897 3132 1034 3201 personis,
1055 3131 1156 3200 quibus
1170 3132 1228 3186 vita
1242 3131 1324 3197 inest,

192 3222 401 3286 comparantur.
436 3217 475 3270 De
502 3221 562 3271 arte
591 3217 741 3272 rhetorica
760 3216 1064 3287 epigrammatographi
1089 3217 1228 3284 conferas,
1253 3232 1324 3285 quae

190 3303 341 3371 Radinger‚
357 3303 498 3370 Meleager
511 3319 568 3356 von
584 3303 696 3358 Gadara
710 3319 735 3371 p.
744 3303 779 3357 Ab
790 3319 831 3372 sq.
847 3309 875 3358 et
889 3301 1128 3358 Reitzensteinius
1148 3301 1177 3354 in
1190 3301 1325 3370 Encyclo·

192 3387 295 3455 paedia
313 3387 390 3455 apud
408 3387 647 3457 Pauly-wissowa
666 3388 701 3443 Vl
720 3404 745 3455 p.
759 3389 794 3441 95
814 3387 1017 3442 disseruerunt.

286 3478 304 3545 ¹)
324 3476 489 3544 Quintiliani
507 3477 570 3544 X5,
583 3476 614 3531 A:
635 3479 678 3531 ‘ac
697 3477 731 3531 de
752 3477 925 3532 carminibus
945 3477 1057 3545 quidem
1077 3476 1219 3530 neminem
1240 3473 1325 3529 credo

191 3561 329 3628 dubitare,
356 3577 412 3630 quo
435 3562 496 3615 solo
516 3578 618 3630 genere
638 3562 851 3617 exercitationis
875 3562 978 3618 dicitur
1001 3578 1070 3616 usus
1094 3577 1157 3615 esse
1176 3560 1324 3629 Sulpicius.

191 3647 263 3702 Nam
283 3652 311 3701 et
330 3646 458 3701 sublimis
477 3648 593 3716 spiritus
613 3648 742 3702 attollere
762 3648 921 3702 orationem
940 3652 1042 3716 potest,
1063 3650 1091 3701 ct
1105 3646 1194 3699 verba
1213 3645 1325 3714 poetica

191 3732 322 3787 libertate
335 3732 490 3786 audaciora
503 3747 560 3786 non
569 3735 755 3800 praesumunt
768 3731 887 3786 eandem
902 3731 1014 3801 proprie
1025 3730 1138 3784 dicendi
1153 3729 1324 3783 facultatem.

191 3817 246 3872 Sed
260 3821 287 3871 et
306 3816 376 3886 ipsis
390 3817 538 3871 sententiis
551 3817 665 3871 adicere
677 3817 744 3872 licet
756 3818 910 3871 oratorium
923 3817 1009 3871 robur
1027 3818 1055 3870 et
1072 3815 1179 3868 omissa
1192 3814 1323 3883 supplere

191 3909 219 3958 et
239 3906 330 3958 eflusa
348 3904 548 3974 substringere.
577 3904 673 3974 Neque
697 3920 749 3973 ego
768 3903 956 3973 paraphrasin
980 3919 1042 3956 esse
1061 3901 1325 3969 interpretationem

191 3993 301 4044 tantum
319 3989 394 4056 volu,
412 3989 463 4043 sed
482 3990 559 4044 circa
572 3988 688 4044 eosdem
707 4005 809 4044 sensus
827 3993 970 4043 certamen
988 3992 1073 4058 atque
1087 3987 1324 4042 aemulationem’.

283 4077 303 4142 ’λ
323 4075 442 4129 Carolus
461 4075 580 4145 Dilthey,
600 4076 639 4130 De
659 4076 824 4131 Callimachi
846 4074 979 4144 Cydippa,
999 4075 1072 4143 Lips.
1095 4074 1172 4128 1863.

282 4162 305 4232 ⁸)
323 4163 355 4216 R.
370 4162 570 4228 Reitzenstein,
584 4161 692 4216 lnedita
705 4165 852 4229 poetarum
866 4160 1038 4215 Graecorum
1052 4159 1218 4228 fragmenta.
1239 4158 1326 4214 Index

191 4247 346 4302 lectionum
365 4246 613 4301 Rostochiensium
633 4244 748 4316 1892l93
767 4261 792 4314 p.
806 4245 840 4299 15
850 4262 909 4314 sqq.
