3308 4938
156 414 340 484 Quaestiones
350 413 556 468 Tertullianeae
566 415 603 468 ad
613 413 715 468 librum
725 415 868 469 Adversus
879 415 1008 470 Praxean
1022 415 1202 484 pertinentes.
1243 410 1287 472 75

155 586 302 651 Fortasse
333 587 433 670 igitur
461 585 685 670 recipiendum
718 589 781 666 est,
814 585 901 668 quod
934 585 1085 650 dubitans
1118 588 1287 670 proposuit

154 694 260 754 temen
279 690 550 755 Reitzensteinius
574 689 641 753 ‘aut
662 688 770 753 filium
793 710 856 754 non
882 692 1009 774 habere,
1033 692 1100 756 sed
1125 694 1231 777 ipsum
1251 713 1286 758 se

155 793 217 856 sibi
241 793 349 857 filium
372 794 490 858 fecisse
514 795 570 857 sut
593 793 660 856 ...’

243 893 367 962 231119
384 895 489 978 (4129)
505 895 627 960 eisdem
641 894 799 960 decausis
815 900 848 960 et
859 895 1098 978 Engelbrechtii
1112 901 1144 962 et
1156 897 1287 962 Oehleri

153 1001 355 1065 coniecturas
366 998 494 1082 (ecquid
511 1003 586 1063 nata
597 997 693 1077 omes
711 997 860 1080 etquid?
877 997 984 1063 demta
993 999 1086 1087 Eup.)
1102 1001 1285 1065 reiciendas

153 1122 223 1167 esse
246 1107 340 1186 puto:
365 1123 430 1166 non
453 1100 596 1184 lepidum
616 1109 665 1164 est
688 1101 817 1184 ‘ecquid
841 1105 916 1166 nata
938 1121 957 1164 a
980 1101 1159 1166 substantia
1184 1103 1285 1186 patris

153 1204 306 1269 membra'
330 1204 380 1267 vel
409 1203 453 1267 ‘et
476 1201 579 1285 quid?
608 1201 714 1267 demta
737 1224 756 1266 a
779 1203 958 1268 substantia
985 1206 1083 1288 petris
1115 1205 1284 1282 membre’;

153 1329 227 1373 cum
258 1308 394 1372 vocibus
426 1307 580 1371 ‘membra
609 1309 641 1370 et
668 1307 801 1389 pignora
825 1307 891 1370 ...’
916 1307 998 1370 nihil
1026 1309 1090 1370 nisi
1113 1309 1286 1392 genetivus

153 1410 387 1475 ‘monarchiae’
419 1410 635 1492 coniungetur
668 1411 798 1489 oportet.
839 1409 901 1473 Sed
935 1411 995 1474 hoc
1028 1431 1093 1474 non
1125 1413 1173 1474 est
1204 1412 1283 1473 tanti

154 1515 315 1594 momenti,
336 1514 447 1596 quanti
468 1513 646 1576 attereres
680 1513 832 1577 Disertim
852 1517 966 1578 auctor
983 1516 1170 1600 pronuntiat
1188 1514 1286 1579 deum

154 1621 184 1681 in
213 1618 283 1682 tilio
314 1619 402 1680 etin
432 1617 548 1700 spiritu
579 1621 698 1698 sancto,
729 1617 907 1682 secundum
940 1627 973 1682 et
1002 1619 1133 1683 tertium
1164 1619 1286 1682 sortitis

153 1721 273 1802 locum,
306 1723 369 1784 tam
402 1720 606 1785 consortibus
637 1720 835 1784 substantiae
866 1722 965 1804 patris
997 1722 1188 1786 divisionem
1220 1742 1284 1785 non

154 1825 254 1906 magis
277 1825 352 1908 peti,
377 1843 472 1909 quam
496 1823 529 1885 in
554 1827 601 1886 tot
624 1823 756 1904 augelis
781 1824 836 1906 qui
862 1844 934 1888 cum
960 1827 1049 1907 patre
1069 1845 1133 1888 non
1154 1825 1199 1888 its
1216 1829 1286 1888 arte

154 1928 306 2011 coniungi
336 1929 479 2009 possunt,
507 1927 563 2007 qui
592 1946 655 1990 non
685 1931 749 1989 tam
778 1927 951 2010 participes
979 1931 1056 1990 sunt
1085 1927 1285 1991 substantiae

153 2032 269 2114 patris3
290 2031 320 2094 ‘a
336 2029 515 2092 substantia
530 2029 639 2112 patris’
656 2029 764 2110 igitur,
791 2028 877 2110 quod
898 2030 949 2092 his
970 2029 1143 2112 respondet
1169 2030 1284 2108 verbis

154 2135 191 2198 sb
206 2135 267 2199 hae
279 2133 439 2197 sententia
452 2132 594 2214 separari
608 2151 671 2194 non
684 2135 797 2214 potest.
823 2131 929 2208 Quare
940 2131 1170 2213 Kroymannus
1181 2131 1283 2194 videri

156 2240 262 2320 potest
277 2231 390 2299 merito
408 2234 578 2300 Gelenium
595 2253 734 2316 sequens
752 2235 953 2298 ‘alienorum'
977 2238 1010 2299 in
1031 2239 1217 2300 contextum
1234 2255 1285 2300 re-

154 2340 288 2424 cepisse.
313 2338 497 2402 Sententiae
515 2337 664 2418 membra,
683 2339 797 2402 utiam
815 2337 893 2420 dixi,
909 2339 972 2402 alis
987 2337 1183 2422 respondent
1197 2339 1281 2402 eliis:

154 2444 257 2508 ‘deus
279 2444 499 2508 divisionem
522 2449 556 2506 et
579 2442 847 2526 dispersionem
861 2447 950 2528 poti
967 2443 1141 2508 videatur
1159 2447 1194 2505 in
1213 2446 1284 2506 lilio

153 2554 185 2610 et
200 2551 236 2610 in
250 2551 372 2628 spiritu
384 2553 513 2622 sancto,
530 2544 743 2608 secundum
760 2547 797 2608 et
811 2546 968 2610 tertium
984 2546 1135 2608 sortitis
1147 2545 1283 2616 locum,

155 2659 215 2715 tum
234 2651 422 2716 sermonibus
443 2649 631 2714 essentiae
649 2652 767 2734 putris,
793 2670 883 2734 quas
909 2671 981 2714 uon
999 2652 1151 2735 patitur
1174 2653 1209 2711 in
1233 2655 1284 2712 tot

154 2757 347 2833 anqelornm
360 2773 498 2816 numero
511 2751 712 2835 etquidem
727 2789 768 2796 -—
782 2755 855 2814 tam
872 2751 1141 2828 <alienorum>
1159 2771 1177 2814 a
1196 2751 1284 2814 sub-

153 2857 295 2920 stantia
311 2856 471 2939 patrisl'
491 2853 555 2919 Sed
573 2855 650 2918 satis
667 2858 799 2938 apparet
814 2853 926 2920 deesse
945 2853 1076 2937 aliquod
1094 2853 1283 2934 membrum,

153 2959 238 3042 quod
258 2957 367 3022 verbis
391 2957 580 3022 ‘secundum
606 2961 637 3020 et
655 2957 785 3021 tertium
806 2957 926 3020 sortitis
945 2955 1062 3020 loeum’
1083 2957 1282 3040 respondeat,

153 3064 225 3147 plus
244 3063 345 3146 igitur
367 3081 432 3124 une
452 3081 530 3125 voce
555 3061 727 3124 evanuisse
750 3059 887 3123 videtur.
921 3059 1028 3123 Verba
1046 3061 1187 3124 auctoris
1206 3079 1284 3123 sene

152 3167 322 3230 restituere
341 3183 405 3226 uon
426 3182 606 3246 possumne,
631 3163 790 3227 sententia
809 3163 1012 3245 postulantur
1030 3163 1111 3227 haee
1130 3163 1214 3228 iere:
1240 3163 1284 3226 'et

154 3269 284 3352 quidem
313 3273 377 3331 tem
407 3273 453 3345 <a
478 3268 642 3330 maiestate
673 3269 881 3346 remotorum,
914 3271 1038 3348 quum>
1063 3285 1081 3328 a
1104 3265 1283 3328 substantia

154 3372 294 3456 patris?’

242 3475 306 3539 Sed
323 3475 536 3538 difficillimus
557 3474 652 3538 huius
672 3475 786 3557 capitis
800 3473 891 3536 locus
908 3479 1005 3535 restet
1020 3467 1109 3553 (2311
1115 3467 1237 3537 26-5l
1242 3473 1283 3552 4).

154 3577 272 3642 Beatus
291 3578 465 3642 Rhenanus
489 3578 508 3642 l.
525 3598 551 3641 o.
571 3577 668 3641 affert
687 3577 781 3641 haec:
807 3576 860 3640 ‘m
879 3573 1041 3658 prodigos]
1061 3573 1284 3656 Scribendum,

154 3689 184 3744 et
199 3681 340 3745 Procles
371 3681 399 3744 N
402 3702 451 3744 am
469 3701 510 3745 ex
527 3680 720 3744 Philostrato
738 3687 884 3743 recenset
901 3677 1054 3742 Aurelius
1072 3679 1283 3760 Augustinus'

154 3805 284 3867 —·quo
308 3785 379 3848 loco
410 3785 472 3848 hoc
500 3785 622 3864 fecerit,
652 3783 794 3866 reperire
823 3801 888 3846 non
917 3781 1006 3864 potui
1019 3785 1040 3860 ¹)
1065 3818 1106 3827 -
1132 3781 1283 3845 'Proclia-

153 3890 244 3968 nites,
269 3889 324 3970 qui
349 3907 424 3951 oum
444 3887 642 3951 Seleucianis
665 3887 827 3950 senserint
850 3887 1009 3949 creatores
1029 3885 1209 3947 animarum
1228 3904 1285 3946 an-

153 3991 241 4074 gelos
269 4009 339 4054 esse
365 3989 405 4054 de
428 3989 503 4073 igne
531 3995 563 4054 et
586 3990 710 4074 spiritu.
742 3988 823 4066 Tum
851 3989 899 4050 sie
927 3985 1153 4070 distinguenda
1178 3985 1285 4067 verba,

152 4093 242 4158 'ltine
270 4093 361 4175 mele,
390 4113 488 4176 quum
514 4093 631 4176 plures,
660 4090 838 4156 secundum
866 4089 1053 4152 Valentinos
1078 4091 1110 4152 et
1133 4089 1282 4153 Procles:

247 4251 264 4320 ¹)
283 4251 322 4304 De
342 4249 519 4304 Proclianitis
544 4249 578 4303 cl.
597 4247 720 4302 t'ilastrii
737 4247 839 4301 divers.
859 4247 968 4300 haeres.
987 4245 1048 4300 libr.
1069 4243 1178 4300 XXVlll
1197 4243 1285 4314 (tvl),

153 4335 196 4391 ed.
210 4335 290 4390 Marx
310 4335 340 4388 in
359 4351 434 4404 corp.
450 4335 528 4389 Vind.
542 4333 586 4400 38,
605 4351 631 4402 p.
645 4333 688 4387 29.
