2872 4822
238 106 302 168 218
664 113 781 168 Victor
800 112 943 181 Goulon,

239 307 353 367 ρουςιν,
382 284 608 364 ςκειιοιρόρους.
637 284 718 348 Mihi
743 285 875 368 quidem
908 306 982 350 cum
1012 285 1191 363 Dindoriio,
1224 287 1408 381 Bergtiq

236 389 409 468 Meinekio‚
433 387 503 451 aliis
526 407 639 452 versus
662 390 791 472 spurius
815 389 944 453 videtur
967 395 999 454 et
1022 409 1073 471 eo,
1105 389 1193 472 quod
1218 410 1292 453 cum
1316 411 1402 461 an.

237 491 398 556 tecedenti
426 511 520 555 versu
550 512 656 575 neque
686 492 818 555 relativo
847 492 1036 575 pronomine
1071 511 1180 573 neque
1215 492 1278 556 ulla
1302 514 1394 576 par.

237 593 336 658 ticula
375 595 568 658 coniunctus
605 599 665 675 est,
697 599 729 658 et
757 614 809 676 eo,
847 595 934 677 quod
962 595 1059 658 huius
1088 594 1152 658 loci
1191 596 1383 664 sententiae

237 717 302 761 non
326 699 486 778 convenit,
504 702 539 760 ut
553 697 744 761 Diodoriius
762 697 831 761 coli
848 697 946 762 schol.
964 697 1024 761 Nb.
1042 699 1106 761 296
1124 700 1258 761 monuit
1277 698 1375 765 Prae

237 807 326 866 terea
347 821 405 885 pro
429 801 537 865 verbis
561 801 595 864 ἐν
619 804 770 885 κωμῳδίᾳ
798 802 931 884 pluralis
962 807 1169 885 exspectatur
1198 820 1366 866 numerus:

238 905 272 969 ἐν
296 906 382 986 (ταῖς)
406 907 584 988 κωμῳδίαις
607 906 693 968 utin
712 905 767 969 na.
785 907 849 968 935
870 905 904 968 ἐν
923 906 1119 988 τραγῳδίαις,
1143 905 1200 969 Ra.
1217 907 1291 983 834,
1310 908 1359 968 λι.

240 1011 302 1072 101
328 1009 363 1072 ἐν
385 1013 453 1072 ταῖς
475 1008 700 1090 τραγῳδίαιςιν,
723 1008 777 1072 Th.
801 1011 867 1072 450
892 1008 926 1072 ἐν
948 1013 1043 1072 ταῖςιν
1061 1011 1258 1091 τραγῳδίαις.
1282 1008 1358 1085 Quae

239 1131 313 1176 cum
336 1112 381 1173 ita
404 1129 439 1174 se
462 1109 608 1191 babeant
633 1129 762 1175 versum
782 1132 801 1174 a
818 1113 1026 1194 grammatico
1046 1113 1240 1194 nescioquo
1260 1130 1353 1174 versus

241 1215 281 1277 12
305 1216 332 1278 τί
360 1212 427 1291 δῆτ’
452 1213 514 1277 ἔδει
543 1234 580 1289 με
606 1216 705 1277 ταῦτα
732 1215 771 1277 τὰ
799 1215 891 1291 ςκεύη
922 1216 1031 1294 φέρειν
1060 1214 1245 1297 explicandi
1276 1232 1355 1278 causa

238 1316 434 1399 adscriptum
458 1334 529 1379 esse
552 1317 621 1379 veri
644 1317 749 1380 simile
774 1324 830 1380 est

328 1420 366 1482 In
391 1440 418 1482 v.
444 1421 506 1482 347
532 1418 592 1482 RV
612 1421 760 1498 χρονίους
782 1420 810 1484 τ’
828 1421 908 1484 ἐτιῖιν
931 1424 1077 1484 παλαιῶν
1097 1421 1261 1484 ἐνιαυτοὺς
1282 1438 1358 1503 prae

239 1526 323 1589 bent.
348 1523 540 1587 8α1ιοΙ.ι·οο.
565 1524 705 1601 χρονίων
729 1523 814 1605 legit.
851 1522 914 1599 Qui
938 1542 1033 1586 casus
1060 1524 1137 1586 ferri
1167 1543 1232 1586 non
1261 1527 1359 1606 potest,

239 1627 326 1710 quod
346 1625 584 1689 substantivum
601 1626 682 1688 ἐτῶν
700 1626 762 1688 iam
779 1626 938 1690 adiectivo
955 1630 1101 1689 παλαιιῖιν
1117 1626 1298 1708 praeditum
1313 1629 1361 1688 est

238 1730 353 1812 Neque
376 1729 411 1791 in
434 1728 573 1792 lectione
596 1727 655 1791 RV
679 1729 949 1810 acquiescendum
974 1731 1036 1807 μοι,
1067 1728 1144 1791 latet
1172 1735 1261 1792 certe
1285 1749 1363 1791 meu·

240 1833 325 1896 dum.
350 1835 400 1895 Ac
423 1850 464 1894 ne
489 1830 616 1894 chartae
639 1850 699 1893 nos
723 1831 879 1912 misereat,
905 1831 1051 1894 conferas
1070 1830 1167 1894 velim
1188 1832 1365 1894 criticorum

240 1935 480 2000 emendationes
504 1935 539 1996 in
562 1933 726 2015 Blaydesii
755 1933 860 1996 adnot.
885 1934 924 1997 ad
945 1934 973 1997 h.
990 1954 1018 1996 ν.
1044 1938 1222 2016 congestas,
1250 1934 1366 2009 Quibus

240 2040 319 2102 duas
331 2038 528 2101 recentiores
541 2036 658 2100 addere
674 2035 766 2100 licet:
789 2039 936 2114 χρονίους
951 2036 978 2099 τ’
989 2036 1100 2112 ὤμων
1112 2039 1256 2099 παλαιιῖιν
1273 2039 1367 2099 ἐνιαυ-

238 2144 313 2207 τοὺς
338 2139 493 2222 (Kockius
509 2140 544 2201 in
559 2139 615 2202 Ra.
633 2138 680 2202 ed.
697 2138 744 2200 IV
763 2140 860 2217 1898)
877 2142 909 2201 et
925 2140 1072 2217 χρονίους
1088 2138 1114 2201 τ’
1132 2138 1213 2202 ἐτῶν
1229 2141 1367 2202 παλαιῶν

240 2247 452 2324 μελεδώνας
476 2242 726 2325 (Herwerdenns
750 2243 784 2305 in
808 2242 927 2305 Mnem.
952 2241 1031 2304 Nov.
1055 2242 1121 2305 Ser.
1146 2241 1367 2321 ΧΧΧ,1902,

239 2369 267 2432 p.
289 2350 351 2430 51).
376 2347 491 2410 Kockii
516 2346 571 2409 illa
594 2346 725 2429 quidem
754 2347 947 2427 coniectura,
977 2352 1013 2409 ut
1036 2351 1124 2409 certa
1148 2366 1212 2408 nou
1238 2351 1294 2424 est
1327 2347 1370 2409 sic

240 2451 326 2514 haud
350 2450 447 2514 dubie
471 2449 575 2513 lenior
599 2455 631 2512 et
652 2449 849 2531 probabilior
866 2448 1078 2512 Herwerdeni
1103 2449 1211 2511 altera.

330 2554 367 2617 In
388 2575 416 2616 ν.
433 2555 499 2615 494
522 2552 562 2615 ἴθι
586 2572 654 2632 νυν,
679 2551 784 2628 ἐπειδὴ
809 2555 956 2634 ληματιᾷς
981 2552 1145 2629 κάνδρεῖος
1169 2547 1196 2614 εἰ
1218 2553 1370 2634 scriptum

240 2664 289 2724 est
314 2662 462 2739 ληματιᾷς
486 2655 520 2717 in
543 2655 579 2737 R,
603 2655 688 2718 idem
712 2655 744 2716 in
771 2654 808 2735 V,
832 2653 888 2717 sed
912 2675 959 2732 γρ.
985 2656 1132 2731 ληματίας
1157 2674 1255 2737 supra
1280 2658 1372 2732 λημα-

239 2766 304 2843 τιᾷς
327 2766 360 2825 et
383 2760 416 2821 in
436 2779 496 2840 mg.
516 2761 662 2839 ληματιᾷς
681 2757 749 2821 ἀντὶ
771 2761 829 2821 τοῦ
855 2760 933 2834 μέγα
958 2761 1100 2835 φρονεῖς.
1124 2756 1163 2818 Ιιι
1183 2755 1371 2820 αο1ιο1.λ1ι1.

239 2863 370 2945 iegitur:
388 2861 542 2940 γράφεται
558 2862 608 2922 καὶ
628 2862 784 2941 ληματίας,
801 2861 896 2938 χωρίς
919 2862 978 2922 τοῦ
998 2872 1015 2922 i.
1040 2858 1168 2941 Optimo
1193 2860 1264 2922 iure
1277 2859 1372 2922 Fritz·

240 2966 350 3029 schius
374 2964 408 3026 in
433 2964 601 3026 comment.
625 2983 654 3045 p.
672 2964 736 3024 214
761 2965 883 3025 monet:
908 2960 1052 3037 “Quodsi
1076 2965 1235 3026 sententia
1257 2973 1372 3026 utram-

240 3088 303 3150 que
328 3068 500 3130 lectionem
523 3066 632 3145 terret,
656 3071 762 3128 tamen
787 3068 933 3147 ληματιᾷς
956 3069 994 3128 ut
1016 3065 1117 3147 magis
1142 3067 1304 3128 comicum
1329 3066 1373 3126 τῖ-

240 3172 371 3236 deretur
400 3169 600 3253 probandum
625 3169 727 3232 esse”.
758 3167 849 3231 Idem
874 3168 923 3230 vir
947 3167 1153 3231 doctissimus
1181 3170 1373 3251 scripturam

241 3277 390 3353 ληματίας
403 3273 535 3336 ιιιῖιιῖιιιο
548 3279 651 3355 aptam
665 3272 756 3334 ducit
767 3271 966 3354 “propterea
980 3270 1065 3353 quod
1078 3271 1228 3333 Bacchus
1245 3291 1373 3354 quoque

239 3379 316 3442 forti
336 3396 406 3441 esse
426 3378 532 3440 animo
551 3376 724 3458 (ληματίας)
744 3374 805 3437 sibi
823 3373 978 3438 videatur.
1003 3374 1109 3450 erare
1127 3373 1291 3439 Xantltiae
1311 3375 1378 3438 ani-

240 3501 330 3545 mum
353 3502 372 3543 a
395 3500 453 3543 suo
479 3480 579 3562 ipsius
603 3480 647 3541 ita
670 3478 850 3561 distinguit,
881 3480 918 3540 nt
941 3496 1072 3540 servum
1102 3476 1188 3540 dicat
1213 3482 1376 3556 ληματιᾱν,

240 3586 347 3648 animo
372 3602 443 3646 csse
471 3583 608 3646 nimium
637 3581 822 3644 confidente
849 3600 886 3643 ac
910 3579 972 3642 sibi
1000 3579 1231 3663 praefidente’.
1269 3583 1379 3662 Atque

240 3692 327 3752 recte
352 3688 495 3750 Kookius
520 3687 581 3751 hoc
605 3686 739 3749 verbum
764 3684 1016 3747 desiderativum
1039 3683 1088 3745 sic
1116 3685 1226 3746 vertit:
1258 3684 1376 3747 deinen

241 3792 312 3855 Μαί
336 3793 447 3873 zeigen
470 3790 574 3853 willst
598 3788 648 3852 Ad
673 3787 939 3870 comprobandam
965 3792 1072 3849 autem
1092 3805 1206 3849 vocem
1225 3789 1376 3868 ληματιᾷν

242 3895 341 3959 multa
364 3895 481 3957 afferre
505 3912 677 3976 possumus
701 3892 799 3955 verba
823 3891 971 3954 similiter
986 3891 1130 3970 formata,
1147 3908 1172 3951 e.
1189 3909 1217 3970 g.
1235 3892 1371 3966 μαθητιῶ

241 3998 444 4079 ian.183‚
469 3997 653 4079 οὐρητιάςης
676 3996 710 4057 in
736 3995 795 4078 Vp.
813 3995 887 4075 807,
912 3998 1038 4074 κλαυςιᾷ
1062 3993 1095 4054 in
1111 3992 1157 4054 Pl.
1182 3993 1276 4071 1099,
1294 3996 1370 4070 βινη
