2940 4792
281 330 323 390 54
650 330 790 400 Ludwig
808 330 1046 400 Hindenlang‚

280 505 350 571 ἀλλ’
368 505 432 585 ἅμα
455 511 500 588 τῷ
523 505 615 606 παίχει
639 507 735 583 ξηρὸε
759 503 818 567 ούκ
837 503 966 583 ἄλογον,
991 505 1017 567 εἰ
1039 508 1160 582 μᾶλλον
1179 503 1329 581 ἑκιιηιτιιιιιίι
1341 504 1364 566 0.
1424 476 1426 480 ⁴

280 611 311 672 V
326 611 375 690 14,
393 613 421 672 7.
449 609 522 673 Den
543 607 716 690 Ubergang
734 607 862 690 heigen:
888 607 1018 685 ἔνδηλοι
1038 611 1076 671 δὲ
1095 611 1215 685 μᾶλλον
1232 609 1261 670 ἐν
1279 610 1368 682 nith

281 715 387 792 μέροιε
409 712 458 776 ΠΙ
476 714 509 793 5,
526 714 563 788 4,
593 713 696 790 ἔχουει
720 715 757 775 δὲ
784 713 834 774 καὶ
857 711 1050 787 κυπάριττον
1075 710 1104 773 οἱ
1132 710 1259 774 ἀλεεινοὶ
1279 714 1369 786 μᾶλλον

280 816 329 879 IV
340 818 368 896 5,
382 817 410 879 2.
426 853 466 862 -
478 814 550 879 Den
564 814 853 897 hempcrativen
864 813 1042 877 Charahter
1054 818 1165 896 thegen
1178 812 1305 877 deutlich
1315 811 1372 874 nh:

281 920 319 982 τὰ
336 923 391 997 μὲν
408 920 539 997 εχίζεται
554 918 593 980 τὰ
610 922 646 981 δὲ
663 916 839 995 εύοραυετα
856 920 980 994 μᾶλλον
999 916 1016 978 Ι
1032 918 1062 996 5,
1079 919 1114 992 4,
1134 921 1200 979 τῶν
1219 921 1269 992 μὲν
1282 919 1375 992 παχείοι

282 1026 413 1101 μᾶλλον,
429 1026 495 1085 τῶν
511 1024 547 1084 δὲ
564 1020 742 1096 ἀνωμαλεῑε
761 1019 777 1082 Ι
791 1020 819 1098 6,
833 1022 868 1095 3,
885 1019 915 1082 αἱ
933 1023 989 1094 μὲν
1003 1020 1127 1083 ίνώδειε
1144 1019 1174 1081 ui
1191 1023 1226 1082 δὲ
1241 1021 1376 1095 εαρκιίιλειτ

282 1128 404 1201 μᾶλλον
423 1124 439 1187 Ι
457 1125 485 1204 6,
502 1125 537 1200 4,
561 1124 599 1185 τὰ
624 1127 681 1199 μὲν
705 1122 821 1201 ὀρεινά,
846 1123 884 1184 τὰ
909 1126 945 1185 δὲ
969 1125 1099 1185 πεοεινὰ
1123 1125 1246 1198 μᾶλλον
1263 1121 1308 1184 ΙΙΙ
1321 1122 1344 1190 2,
1355 1122 1380 1192 4,
1445 1168 1446 1193 ,

281 1226 328 1290 IV
348 1229 375 1308 1,
392 1228 412 1289 4
432 1246 509 1290 usu.
530 1263 572 1272 -
592 1224 653 1289 Die
674 1224 935 1307 Umschreibung
959 1225 1155 1288 unterbleibt
1178 1226 1259 1289 auch
1280 1225 1328 1288 bei
1346 1222 1384 1286 cd·

281 1330 459 1394 versetiver
481 1328 720 1411 Kompareticn,
744 1327 929 1408 ch16,3
953 1330 1036 1404 πλὴν
1061 1329 1087 1391 εί
1110 1331 1149 1391 τὰ
1174 1333 1230 1403 μὲν
1253 1328 1343 1406 ἄγρια,
1358 1327 1388 1389 τὰ
1465 1411 1467 1417 y

282 1437 318 1497 δὲ
341 1434 442 1510 ἥμερα
466 1422 577 1495 καὶτὰ
601 1436 657 1508 μὲν
682 1431 813 1509 εύοεμα,
835 1432 875 1494 τὰ
898 1434 935 1494 δὲ
959 1431 1136 1509 ἀοεμύτερά
1161 1433 1250 1495 ἐετιν.
1287 1431 1391 1495 h'ehen·
1468 1420 1470 1466 3

283 1535 439 1599 einander
459 1535 561 1598 haben
579 1535 638 1597 wir
650 1533 683 1598 0.
696 1534 713 1596 Ι
727 1536 777 1614 13,
795 1535 814 1596 8
835 1533 1067 1611 εύβλαετύτερα
1084 1537 1134 1596 καὶ
1153 1535 1268 1612 εὐαυξῆ
1287 1537 1396 1611 μᾶλλον.
1468 1603 1469 1609 ,

371 1638 443 1702 Den
468 1637 691 1721 Supcrletiv
719 1637 896 1720 gebraucht
918 1634 1117 1719 Theophreet
1146 1657 1209 1699 nur
1232 1639 1265 1699 in
1294 1639 1400 1719 cigent-

282 1741 399 1805 lichem
420 1741 528 1821 Sinne,
552 1742 606 1804 nic
630 1741 676 1803 als
695 1740 814 1816 ΕΙαίίν,
840 1739 934 1802 ύιιίύτ
958 1739 1026 1801 tritt
1048 1739 1248 1822 regelmhssig
1272 1742 1323 1804 die
1338 1741 1406 1804 Un-

283 1844 481 1926 schreibung
509 1845 567 1906 mit
590 1844 730 1923 εφύὸρα,
760 1844 853 1923 μάλα,
878 1845 962 1920 λίαν,
986 1862 1065 1905 usu.
1086 1844 1138 1904 ein
1163 1843 1259 1906 z..ss.:
1289 1846 1409 1923 τφύδρο

282 1949 398 2024 γλυκύ(
417 1947 451 2010 II
469 1948 496 2027 6,
514 1949 548 2023 7,
569 1949 687 2010 ξανθὸν
708 1947 834 2025 τφὸδρα
853 1945 903 2008 ΙΙΙ
921 1947 971 2026 10,
989 1946 1024 2022 2,
1045 1947 1149 2009 λείου(
1169 1948 1299 2026 εφύὸρο
1317 1950 1366 2023 17,
1381 1950 1412 2019 4,

283 2052 410 2131 εφὸδρα
438 2051 550 2127 πικρόε
579 2050 628 2127 18,
652 2050 707 2126 10,
732 2049 835 2113 ὀξεῖα(
861 2050 986 2128 τφόδρα
1010 2048 1057 2111 IV
1080 2050 1110 2128 4,
1132 2050 1170 2126 2,
1194 2051 1314 2124 γλυκέα
1338 2052 1415 2127 μάλα

282 2154 347 2217 VH
359 2156 389 2235 4,
403 2156 437 2231 73
455 2154 589 2230 εκληρὸ(
607 2152 669 2215 δ’ὁ
686 2154 789 2230 ιιυρήν
806 2152 842 2215 εὐ
859 2151 942 2229 μάλα
958 2151 1007 2214 ΠΙ
1022 2152 1073 2232 18,
1087 2153 1144 2228 12,
1161 2155 1201 2215 τὰ
1218 2154 1287 2216 λίαν
1302 2155 1417 2232 χλωρά,

281 2260 322 2322 τὰ
347 2259 416 2321 λίαν
440 2257 519 2334 ξηρά
535 2255 566 2318 V
579 2257 608 2335 6,
625 2257 660 2331 3;
685 2257 819 2331 δαψιλήε
842 2257 910 2319 λίαν
934 2255 967 2319 0.
984 2254 1016 2318 Π
1033 2256 1062 2334 4,
1081 2255 1116 2332 3,
1141 2256 1178 2320 ἐν
1196 2261 1264 2320 τοῑε
1290 2260 1417 2334 πιείραιε

282 2362 351 2425 λίαν
375 2359 473 2424 0.ΠΙ
492 2360 541 2441 10,
560 2359 588 2420 2.

373 2463 438 2526 hur
460 2462 512 2525 die
536 2462 786 2544 Interpretaticn
816 2462 907 2525 ziehe
934 2482 1009 2525 man
1038 2462 1154 2525 daucus
1185 2463 1248 2527 den
1275 2464 1420 2539 Genium

284 2565 589 2649 Superletivformen
613 2566 667 2628 nie
691 2565 738 2627 als
761 2564 887 2628 Elative
911 2585 953 2628 zu
977 2563 1106 2644 deuten,
1135 2585 1233 2629 wenn
1257 2575 1342 2630 αἴτια
1365 2566 1422 2631 der

283 2668 563 2750 Zuscmmcnhang
590 2667 684 2731 heine
714 2667 895 2731 Sicherheit
922 2668 1073 2749 gewdhrt,
1103 2687 1139 2731 so
1162 2668 1215 2731 ΙΠ
1231 2672 1300 2750 3,4
1324 2674 1362 2734 τὸ
1385 2675 1420 2734 δὲ

284 2774 381 2838 ξύλον
414 2771 542 2848 ίεχυρὸν
573 2774 629 2847 μὲν
660 2771 884 2848 ἀεθενὲετερον
915 2773 950 2833 δὲ
980 2775 1036 2848 τῆε
1069 2775 1199 2851 φηγοῦ·
1231 2778 1332 2837 τοῦτο
1362 2777 1420 2852 γὰρ

284 2874 503 2953 ίεχυρότατον
520 2875 570 2936 καὶ
587 2873 822 2937 ἀταπὲετατον.
849 2874 908 2937 ούκ
926 2874 1094 2953 ύρθοφυήε
1112 2875 1141 2937 h’
1158 2875 1230 2938 οὐδ’
1247 2877 1337 2957 αὐτή,
1355 2877 1420 2939 ἀλλ’

283 2978 379 3055 ἧτταν
403 2978 444 3040 ἔτι
463 2981 518 3054 τῆ(
539 2977 695 3055 ἡμερίδος,
718 2978 754 3039 τὸ
775 2979 810 3039 δὲ
830 2979 973 3055 ετὲλεχοε
991 2976 1177 3056 παχύτατον
1194 2979 1277 3043 ὥετε
1295 2983 1345 3042 καί
1364 2983 1421 3057 τήν

283 3078 362 3157 ὅλην
379 3081 507 3158 μορφὴν
524 3082 672 3157 βραχεῖαν
689 3075 767 3142 εἶναι
784 3129 790 3142 .
808 3129 814 3142 .
833 3129 839 3141 .
856 3080 875 3155 ἡ
893 3079 922 3142 δ’
939 3080 1072 3157 αίγίλιυψ
1089 3080 1357 3160 ὀρθοφυὲετοτον
1373 3085 1422 3146 xci

283 3184 488 3261 ὑψηλότατον
504 3184 554 3244 καὶ
570 3181 732 3246 λειότατον
746 3183 842 3246 καὶτὸ
860 3183 953 3247 ξύλον
970 3183 1012 3246 εἰ(
1030 3187 1130 3260 μῆκοε
1148 3185 1361 3263 ιἐχυρὸτοτον
1374 3236 1380 3248 .
1393 3237 1421 3248 ..

283 3287 302 3364 ἡ
320 3289 355 3349 δὲ
371 3287 601 3363 πλατύφυλλατ
617 3334 624 3347 .
642 3335 648 3346 .
666 3334 672 3347 .
690 3288 771 3361 πρὸ(
789 3287 894 3363 δὲτὴν
912 3288 1018 3364 χρείαν
1031 3288 1185 3363 χείριετον
1198 3291 1277 3362 μετὰ
1290 3292 1348 3366 τὴν
1361 3289 1422 3352 ἁλί-

283 3392 401 3467 φλοιον
415 3439 421 3451 .
435 3438 441 3450 .
455 3438 461 3451 .
475 3390 524 3451 καὶ
537 3390 783 3466 θριπηδὲετατον
796 3388 859 3464 μετ’
869 3389 1002 3466 ἐκείνην,
1021 3399 1088 3452 eust
1105 3390 1157 3454 die
1170 3389 1291 3455 beiden
1303 3391 1422 3456 lehnten

239 3524 242 3530 »
284 3490 484 3575 Superlativc
501 3491 573 3553 sind
590 3490 691 3553 durch
709 3490 770 3553 den
788 3490 901 3554 Zusctz
918 3493 976 3554 mit
992 3493 1067 3569 μετά
1084 3492 1230 3556 deutlich
1248 3495 1295 3558 als
1312 3495 1421 3558 sclche

284 3595 568 3677 gehennzeichnet.
590 3632 635 3643 -
655 3595 955 3679 Umschreibungen
979 3596 1036 3660 des
1061 3597 1281 3679 cigentlichen
1307 3599 1423 3683 Super-

284 3697 377 3761 utivs
389 3698 501 3762 finden
514 3699 583 3762 sich
596 3700 671 3761 weit
682 3698 833 3781 weniger,
846 3718 881 3762 se
894 3700 912 3776 ἡ
925 3697 1018 3776 ἐλάτη
1032 3700 1160 3776 μάλισα
1173 3699 1376 3779 ίεχυρύνο6,
1387 3704 1421 3777 2,

285 3802 410 3878 μάλιττα
433 3803 563 3877 γόνιμοε
588 3800 621 3864 0.
638 3800 654 3863 Ι
674 3802 723 3881 13,
741 3803 775 3877 4,
800 3802 925 3879 μάλιετα
948 3801 1066 3878 ἔνυγρα
1091 3801 1124 3865 0.
1143 3802 1158 3865 Ι
1175 3803 1229 3883 21,
1247 3805 1275 3867 6.

374 3902 1423 3990 SehrweitgehtThecphrastinderBildungvoanmparutions·

283 4004 1421 4090 formemAnstoteleshatdamitdennnfanggemachtdurchhormen

283 4107 344 4170 wie
358 4108 594 4187 ἀβλαβὲετεροε,
609 4108 836 4189 εὐχερὲετεροε,
849 4110 1125 4188 εύφυλακτὸτεροε
1139 4132 1216 4175 usw.
1229 4133 1307 4177 usn.
1325 4114 1423 4178 Thee

283 4210 394 4292 phrast
404 4210 529 4273 erlauht
538 4211 615 4292 sich,
625 4212 1048 4295 iedeszusammengesetzte
1060 4213 1210 4295 Adiektiv
1224 4218 1422 4301 zusteigenu
