3248 4910
367 399 409 463 78
795 405 831 460 M.
844 401 1064 474 lleinemann,

456 574 520 642 Sed
543 577 626 660 vide,
650 575 921 660 quemadmodum
945 577 980 639 hi
1003 579 1144 641 oratores
1166 573 1294 640 fabulas
1318 571 1506 638 adhibeant.

365 680 439 745 Non
462 679 549 764 ipsos
571 675 671 743 libros
695 684 829 744 sumunt
851 678 891 743 ad
915 697 1042 762 manus,
1069 684 1126 743 aul
1151 681 1234 742 totas
1261 675 1507 742 transscribnnt

366 781 550 848 sententias.
578 781 793 847 Abscondunt
810 783 925 866 potius,
950 799 1032 865 quae
1050 784 1249 864 mutuantur,
1273 782 1320 845 ita
1337 783 1453 844 tamen
1471 787 1506 842 ut

366 888 497 971 agnosci
516 886 625 951 velint
658 885 777 951 Contra
796 880 853 950 ubi
872 885 960 970 ipsos
977 883 1109 950 laudant
1126 883 1247 967 titulos,
1266 885 1428 949 memoria
1450 901 1505 948 eos

365 989 528 1055 interdum
555 987 646 1072 fallit
674 995 707 1054 et
733 989 876 1054 afferunt
902 1007 960 1074 pro
983 987 1197 1070 Menandreis,
1225 1005 1309 1071 quae
1336 989 1372 1052 in
1398 985 1505 1053 decla

365 1085 561 1157 mationibus
585 1109 604 1157 θ
627 1091 806 1156 Menandro
829 1091 937 1176 petitis
960 1087 1112 1176 legerant.

455 1197 519 1265 Sed
542 1199 619 1263 satis
642 1199 683 1264 de
710 1199 800 1264 hisee
823 1199 903 1264 loeis
927 1197 1124 1282 disputatum
1149 1197 1288 1280 videtur,
1314 1197 1355 1262 de
1381 1197 1502 1280 quibus
1597 1215 1598 1246 l

365 1321 454 1367 nuno
486 1301 616 1367 demum
643 1302 783 1366 inventis
807 1301 976 1366 Menandri
1002 1301 1150 1384 reliquiis
1177 1302 1297 1367 certius
1327 1299 1502 1365 iudicatur.

364 1404 502 1470 Transeo
519 1403 629 1469 adeas
646 1403 808 1488 epistulam,
825 1424 843 1470 e
860 1403 978 1488 quibus
993 1404 1057 1468 viri
1073 1403 1158 1469 docti
1173 1403 1291 1488 elegias
1303 1403 1502 1468 Alexandri-

365 1525 480 1573 norum
499 1525 691 1591 recuperare
710 1525 803 1591 posse
827 1507 890 1572 sibi
912 1507 1122 1586 videbantur;
1147 1525 1283 1590 quarum
1306 1507 1343 1570 in
1361 1525 1500 1571 numero

365 1611 552 1676 Philostrati
576 1610 713 1695 epistula
736 1612 778 1675 40
802 1611 846 1692 (2)
870 1613 936 1689 est;
965 1629 1030 1692 qua
1053 1609 1331 1694 epistolographus
1359 1609 1500 1676 mediea-

366 1714 453 1777 mina
467 1713 564 1778 faciei
577 1712 766 1778 dissuadens
783 1711 864 1777 dicit
879 1713 1062 1778 vetularum
1077 1715 1201 1777 tantum
1218 1731 1290 1778 esse
1306 1715 1352 1777 ita
1363 1713 1498 1777 formam

365 1815 534 1900 corrigere.
574 1815 656 1880 Cum
686 1815 771 1880 idem
802 1815 837 1878 in
868 1815 1044 1881 comoediis
1074 1819 1107 1881 et
1135 1815 1248 1901 elegiis
1277 1817 1498 1882 Romanorum

364 1919 518 2002 legamus,
540 1919 752 2000 Hoelzerus1)
775 1921 867 2003 putat
891 1920 973 1984 hano
996 1921 1188 1984 sententiam
1208 1939 1249 1984 ex
1269 1919 1383 2004 elegiis
1400 1921 1498 1986 Alen

365 2023 511 2088 andrinls
534 2024 569 2087 in
591 2025 734 2090 earmina
752 2023 895 2108 elegiaca
912 2023 1130 2088 Romanorum
1149 2025 1182 2088 et
1200 2023 1371 2108 epistulam
1391 2023 1499 2088 Philo·

366 2127 457 2190 strati
484 2126 631 2191 fluxisse.
666 2126 812 2191 Primum
837 2126 926 2191 locos
949 2125 1071 2190 similes
1094 2125 1278 2191 alienamus.
1313 2127 1498 2192 Philostrati

365 2231 409 2294 40
425 2229 486 2314 (2):
510 2230 546 2293 Ἡ
570 2231 784 2308 πυρεαίνουεα
808 2231 915 2308 μίλτο(
937 2231 976 2293 τὰ
999 2231 1084 2309 χείλη
1112 2229 1162 2294 καὶ
1183 2232 1243 2308 τήν
1265 2231 1403 2310 παρειὰν
1424 2231 1499 2308 γρά-

366 2351 474 2412 φουεα
504 2333 633 2410 κώλυμα
663 2332 857 2414 φιλημάτων,
890 2335 1091 2412 κατηγορεῖ
1120 2335 1161 2398 δὲ
1191 2335 1250 2398 καλ
1282 2337 1401 2414 γῆρας
1430 2337 1497 2398 τοῦ

365 2438 587 2514 apotheos,
611 2434 669 2515 ὑφ’
686 2432 725 2500 οὗ
748 2437 902 2500 πελιδνὸν
926 2438 982 2515 μὲν
1005 2437 1042 2501 τὸ
1067 2435 1172 2520 πόμα,
1197 2435 1271 2517 tuot
1296 2437 1327 2501 δ’
1346 2439 1365 2516 ἡ
1385 2439 1498 2517 παρειὰ

366 2539 415 2601 καὶ
431 2537 562 2616 ἔξωροι.
585 2538 650 2616 ἴεχε
667 2539 706 2616 δὴ
723 2539 980 2617 χρωματοποιίαν
996 2539 1046 2603 καὶ
1061 2543 1160 2619 μηδὲν
1176 2541 1306 2605 ἐπιποίει
1320 2545 1367 2624 τῷ
1382 2542 1497 2620 κάλλει,

366 2641 406 2718 μή
431 2642 480 2703 καὶ
502 2641 673 2720 γράψωμαλ
696 2661 728 2705 (ε
750 2641 876 2718 γήρως
900 2641 950 2706 ἐπὶ
968 2648 1004 2726 τῇ
1022 2645 1083 2707 τοῦ
1102 2643 1278 2722 apocalama
1296 2649 1415 2726 γραφῇ,
1435 2663 1498 2727 qna

366 2759 440 2808 oum
465 2743 601 2827 epistula
624 2743 771 2809 conferas
793 2742 910 2808 Tibulli
931 2744 993 2828 18,
1009 2747 1067 2809 41:

410 2861 485 2928 Heu
508 2882 580 2928 sero
603 2865 774 2929 revocatur
797 2883 887 2928 amor
909 2883 1047 2949 seroque
1069 2866 1226 2950 iuventas,

456 2965 538 3031 Cum
561 2973 653 3032 vetus
676 2967 790 3034 iniecit
813 2986 893 3032 oana
916 2971 1046 3034 senecta
1069 2975 1173 3054 eaput.

410 3067 489 3134 Tum
513 3069 684 3134 studium
708 3069 852 3139 formae
876 3079 940 3153 est3
965 3094 1057 3140 coma
1078 3083 1145 3140 tum
1167 3078 1319 3158 mutatur,
1342 3081 1379 3142 ul
1397 3095 1497 3141 annos

455 3171 646 3240 Dissimulet
668 3175 766 3240 viridi
789 3177 909 3243 oorhee
932 3179 1033 3244 tincta
1055 3180 1166 3259 nueis;

410 3277 532 3344 Tollere
557 3283 626 3344 tum
650 3299 728 3345 eura
751 3285 801 3345 est
823 3279 911 3346 albos
935 3302 954 3346 a
978 3282 1077 3367 stirpe
1101 3281 1231 3373 capillos

456 3382 497 3446 nt
519 3381 636 3448 faeiem
659 3381 787 3468 dempta
809 3385 894 3470 pelle
917 3385 1038 3451 referre
1061 3406 1185 3451 novam.

365 3505 399 3568 et
409 3501 568 3587 Propertii
584 3503 635 3567 111
647 3505 698 3588 24,
714 3505 755 3570 31
767 3525 834 3589 sqq.
852 3505 1066 3571 Philostratus
1083 3509 1116 3572 et
1126 3509 1238 3592 poetae
1250 3507 1387 3593 elegiaci
1398 3509 1497 3594 igitur

364 3605 517 3691 pulchras
529 3605 652 3692 puellas
665 3609 860 3674 ornamentis
877 3611 910 3674 et
924 3609 1015 3675 cultu
1026 3629 1092 3675 non
1105 3629 1208 3694 egere,
1225 3610 1283 3676 sed
1299 3631 1319 3676 a
1333 3611 1496 3678 veteribus

365 3707 556 3774 mulieribus
580 3709 684 3774 solum
708 3711 787 3776 vitia
808 3711 931 3778 formae
954 3711 1073 3778 talibus
1099 3711 1270 3778 medicinis
1298 3714 1496 3800 corrigiae

365 3831 456 3877 cesse
485 3831 555 3878 esse
584 3812 705 3878 mount
743 3813 827 3878 Item
854 3814 940 3898 apud
964 3815 1115 3880 Plautum
1137 3813 1275 3882 Mostell
1299 3835 1329 3880 v.
1349 3817 1417 3884 248
1430 3837 1496 3902 sqq.

364 3914 515 3999 legimus
544 3914 663 3998 quibus
690 3916 839 3982 versibus
867 3917 992 4002 Scapha
1020 3917 1222 4002 mulieribus,
1250 3937 1334 4004 quae
1361 3921 1497 3988 iussum

364 4019 437 4100 sint,
465 4017 541 4084 ineo
572 4024 605 4083 et
632 4020 810 4104 ungnentis
838 4040 904 4085 non
934 4039 1016 4105 opus
1043 4039 1114 4086 esse
1138 4021 1240 4088 docet
1279 4021 1438 4090 (leniores
1464 4025 1495 4088 in

364 4121 477 4204 primis
500 4141 528 4186 v.
546 4122 610 4186 263
623 4139 669 4206 eq.
689 4127 721 4188 et
745 4124 901 4210 273sqq.:

459 4295 478 4364 ¹)
496 4311 524 4366 μ.
536 4295 580 4352 26.
597 4297 633 4351 27
651 4295 861 4354 dimemationis
878 4313 956 4355 suae.
