2962 4778
318 318 362 381 96
390 324 420 378 L.
432 324 676 392 Rosenmeycr‚
694 322 807 391 Quaest.
818 322 930 378 Tertull.
942 323 979 378 ad
992 323 1095 378 librum
1105 325 1244 379 Adversus
1254 325 1392 394 rmum

320 497 436 579 negat,
449 514 531 578 quae
546 493 774 577 Kroymannus
788 513 847 558 suc
860 495 932 559 loco
944 496 1054 559 movit.
1075 496 1159 560 Cum
1170 496 1395 561 ‘mulessuns...'

321 604 431 666 autem
447 601 601 683 coniungi
617 619 682 664 non
702 603 845 683 possunt,
863 600 1036 683 quiaillud
1054 599 1228 684 respondet
1241 599 1397 682 sequentibus

320 703 506 787 participiis,
527 703 584 766 sed
605 723 680 767 cum
700 703 798 768 verba
813 702 947 786 ‘patrem
966 708 1000 768 ct
1018 704 1089 788 ipse
1105 702 1226 766 adorat'
1242 710 1272 766 et
1285 703 1398 766 ‘exultans

320 809 354 870 in
385 806 501 889 spiritu
532 806 573 870 ad
599 807 732 890 patrem'
761 805 926 887 dirimant,
955 811 1042 871 certe
1071 825 1130 869 suo
1159 805 1229 870 loco
1255 807 1340 889 posita
1359 825 1400 868 uun

318 912 404 973 sunt.
452 908 564 973 Placet
596 910 697 992 igitur
730 909 817 991 quod
851 910 1002 992 proponit
1033 908 1301 973 Reitzensteinius
1326 907 1400 971 ordire

321 1012 494 1077 verborum
517 1015 654 1076 mutato:
680 1012 840 1077 ‘scimus
864 1013 928 1095 qui
953 1013 1021 1092 siS,
1045 1011 1160 1075 iilius
1184 1012 1251 1076 dei.
1285 1012 1402 1076 Christum

320 1134 358 1180 sc
387 1114 439 1179 dei
462 1136 482 1178 a
505 1115 599 1179 Petro
627 1116 772 1199 agnitum
800 1136 866 1180 non
893 1119 996 1197 negat.
1032 1119 1158 1199 patrem
1187 1123 1219 1179 ct
1244 1116 1308 1199 ipse
1330 1113 1404 1177 udum

321 1225 453 1296 (cum)
473 1220 529 1300 (cel
548 1222 648 1298 <et>l
667 1219 817 1283 exultans
837 1220 871 1282 in
890 1220 1005 1303 spiritu
1026 1218 1067 1283 ad
1084 1223 1224 1303 patrem:
1246 1219 1404 1294 confiteor,

321 1323 435 1406 inquit
453 1373 460 1386 .
477 1374 483 1386 .
500 1323 518 1386 .’

412 1425 480 1489 Iam
508 1425 549 1489 ad
578 1426 679 1490 linem
708 1428 856 1509 pervenit
883 1426 1163 1510 disputatiuncula
1190 1432 1301 1507 nostra,
1324 1444 1371 1507 qua
1389 1421 1405 1484 si

321 1530 401 1613 quid
429 1528 471 1594 ad
492 1528 680 1594 Tertulliani
704 1530 802 1595 verba
828 1536 884 1594 aut
913 1530 1113 1596 emendanda
1137 1537 1193 1594 aut
1215 1525 1406 1612 interpretanda

321 1632 536 1698 contribuisse
564 1631 686 1714 videar,
715 1635 745 1698 ci
773 1634 913 1698 maxime
942 1634 1011 1696 vire
1040 1634 1103 1697 hoc
1130 1653 1183 1697 me
1210 1632 1318 1697 debere
1340 1630 1406 1693 litere

323 1736 485 1820 profiteor,
509 1757 605 1820 quem
628 1737 815 1820 saepissime
839 1737 1033 1820 impugnavi,
1061 1737 1233 1801 Aemilium
1257 1736 1321 1800 dico
1336 1732 1406 1811 llroy·

323 1860 486 1922 mannum,
511 1839 616 1904 virum
640 1839 800 1904 industria
823 1846 857 1905 et
878 1841 1051 1923 sagacitate
1075 1840 1162 1904 inter
1185 1858 1298 1923 pancos
1314 1836 1345 1901 de
1358 1834 1405 1898 ler-

322 1942 458 2007 tullianc
482 1941 566 2007 bene
590 1944 749 2007 meritum.
