3096 4924
256 421 459 489 Quaestionea
482 423 601 478 criticae
619 423 647 476 in
665 423 861 493 Aristophanis
881 423 1000 478 fabulas.
1142 417 1203 480 151

79 617 138 660 cum
162 595 340 660 editoribus
370 594 460 658 illud
493 596 618 674 οἰμώξει
645 597 747 675 μακρὰ
768 597 803 658 in
826 597 886 660 Av.
909 597 991 660 1201
1018 599 1050 660 el
1073 595 1120 660 Pl.
1142 597 1204 659 111

81 701 238 782 scripbrrae
270 699 330 762 RV
363 699 499 776 οἰμώξει
538 700 659 777 μακρὰν
691 699 862 782 praeferre.
910 699 1012 776 Quam
1046 699 1206 782 siquidem

83 800 236 866 defendere
254 801 363 864 voluit
377 801 644 883 Kretschmarus,
664 801 749 866 haud
767 803 835 867 seio
855 823 895 866 an
913 803 1028 866 melius
1044 804 1092 866 sic
1107 803 1206 866 inter·

85 910 209 990 pietatus
222 908 331 988 luerit,
355 909 395 970 ut
410 906 484 970 coll.
501 906 557 970 Th.
575 909 637 970 382
655 909 777 986 μακρὰν
792 907 871 988 (scil.
889 906 986 988 ῥῆτιν)
1011 907 1092 972 ἔοικε
1108 907 1205 972 λέξειν

86 1009 300 1072 substantivum
326 1010 473 1087 οἰμωγὴν
498 1007 756 1072 subaudiendum
780 1027 850 1073 esse
874 1008 1002 1073 diceret.

164 1113 254 1177 Initio
267 1134 295 1176 τ.
310 1115 400 1176 1046
418 1112 521 1177 ὅτιτὸ
537 1116 687 1191 τιδηρούν
703 1113 765 1177 lca
781 1117 883 1192 τεῑχοε
901 1115 949 1176 καὶ
964 1113 1060 1178 ξύλου
1077 1111 1205 1176 codices

87 1219 103 1279 ὂ
125 1219 217 1294 μόνον
238 1217 401 1300 praebent
436 1215 568 1300 Optimo
587 1217 657 1280 iure
674 1216 834 1280 Velsenus
854 1214 872 1278 ὅ
896 1236 923 1278 τι
946 1219 983 1280 τὸ
1004 1216 1133 1298 scripsit
1151 1215 1203 1297 ita,

86 1327 118 1381 ut
142 1319 305 1384 delendum
337 1319 555 1383 arbitraretur
583 1319 685 1396 advos
715 1321 877 1401 tamquam
908 1318 1066 1400 glossema
1098 1318 1137 1382 ad
1168 1321 1204 1384 ἓν

87 1423 288 1487 antecedentis
316 1444 346 1486 v.
373 1422 584 1505 adscriptum.
623 1423 730 1506 Atque
761 1421 847 1504 qnod
879 1421 906 1486 R
937 1424 995 1486 ἐττι
1026 1425 1142 1504 τεῖχος,
1177 1423 1204 1484 V

88 1525 254 1608 scholisque
283 1526 388 1604 τεῑχὸ(
417 1527 480 1591 terr
505 1524 666 1602 exhibent
698 1544 891 1608 quamquam
919 1527 1034 1588 neutra
1064 1524 1159 1588 lectio
1185 1545 1203 1588 a

88 1631 179 1690 metro
200 1628 353 1706 abhorret,
377 1635 487 1692 tamen
512 1629 703 1710 positionem
726 1627 898 1691 verborum
922 1628 954 1690 in
979 1627 1006 1690 R
1029 1627 1202 1710 genuinam

88 1750 151 1795 esso
172 1751 321 1813 censeam,
352 1751 426 1796 cum
451 1732 484 1792 V
511 1737 542 1794 et
569 1730 690 1794 scholia
718 1732 751 1793 in
776 1731 837 1794 hoc
862 1751 890 1794 v.
910 1731 1029 1814 pariter·
1057 1729 1203 1793 ordinem

92 1836 242 1899 rerbomm
263 1837 432 1900 invertisse
450 1835 532 1898 mihi
549 1835 719 1900 videantur
737 1842 832 1918 atque
851 1836 884 1898 in
904 1855 933 1898 v.
953 1836 1025 1916 190,
1044 1833 1100 1897 ubi
1116 1837 1203 1898 τουτί

93 1958 121 2001 τε
142 1941 233 2015 μόνον
254 1959 272 2002 a
296 1940 441 2002 numeris
463 1937 606 2002 alienum
625 1958 682 2021 pro
702 1941 789 2002 τουτὶ
813 1939 914 2016 μόνον
933 1937 958 2002 τ’
975 1940 1007 2000 et
1030 1939 1064 2000 in
1084 1957 1111 1999 r.
1130 1938 1203 2018 508,

95 2040 141 2103 ubi
155 2042 207 2118 laq
227 2043 372 2108 λέξοντα(
391 2061 450 2126 pro
471 2043 618 2107 λέξοντα(
636 2042 694 2120 ἔπη
714 2043 748 2104 in
765 2041 795 2104 V
814 2041 1009 2124 scholiisque
1029 2041 1202 2104 invenitur.

95 2141 133 2204 ct.
151 2145 235 2206 etiam
263 2145 341 2208 alias
370 2146 636 2227 transpositiones
665 2144 698 2206 iu
721 2145 753 2204 V
775 2143 815 2207 ad
844 2142 901 2206 Av.
920 2145 984 2206 692
1011 2165 1039 2226 p.
1059 2146 1098 2205 57
1131 2163 1202 2226 pro-

94 2244 169 2309 latas.
203 2247 267 2310 lam
293 2267 371 2312 vero
402 2267 512 2330 neque
542 2249 683 2330 genitivo
715 2248 834 2328 ξύλων,
865 2248 922 2328 qui
950 2246 1046 2330 vulgo
1075 2247 1202 2328 legitur,

93 2367 183 2430 necque
211 2351 391 2414 accusativo
420 2351 526 2430 ξύλον,
557 2369 652 2432 quem
681 2350 711 2413 Γ1
742 2353 775 2413 et
802 2348 873 2413 Ald.
897 2349 1059 2432 praebent,
1090 2350 1201 2413 sensui

93 2450 163 2516 bene
188 2454 372 2518 consulitur.
410 2453 558 2518 Praestat
585 2456 670 2517 certe
697 2453 863 2534 Blaydesii
892 2454 1077 2517 coniectura
1106 2453 1201 2517 ξύλου

90 2554 258 2620 aZacbero
286 2559 320 2619 in
350 2559 477 2620 textum
505 2561 632 2639 recepta
661 2561 693 2618 et
720 2555 939 2619 Herwerdeno
968 2557 1002 2618 in
1032 2554 1126 2618 Vind.
1147 2557 1201 2618 Ar.

88 2678 112 2739 p.
128 2659 164 2722 00
191 2660 327 2742 probata.
365 2659 413 2722 De
442 2660 532 2722 varia
559 2665 666 2722 autem
693 2659 831 2722 lectione
861 2661 989 2724 ξύλινον
1017 2658 1201 2721 Brunclrius

88 2767 170 2842 recte,
193 2763 312 2845 opinor,
337 2761 502 2842 iudicavit
527 2781 600 2824 cum
623 2761 770 2824 librarios
790 2760 1010 2825 recordatione
1031 2762 1201 2825 verborum

88 2865 208 2928 ι·.1040
229 2869 332 2944 πεῑχοτ
356 2867 487 2942 notarat
511 2867 635 2929 ξύλινον
659 2863 803 2927 turbatos
827 2883 898 2928 esse
926 2863 1055 2928 diceret.

168 2968 201 3030 ln
224 2989 251 3032 ιι.
273 2969 360 3032 1110
383 2966 523 3046 τρέχοιμ’
541 2967 579 3031 ἂν
603 2967 662 3045 ἢδη
687 2967 729 3049 (V
745 2967 942 3049 scholiaque)
966 2968 1124 3046 πρότεροι
1142 2987 1199 3050 pro

90 3069 140 3146 ἢδη
155 3071 185 3132 iu
196 3071 222 3135 R
233 3072 303 3136 εἴπω
315 3071 471 3134 traditum
488 3075 544 3133 est.
569 3069 769 3152 Quamquam
783 3074 900 3134 neutra
915 3071 1073 3152 scripturn
1085 3089 1200 3134 sensus

91 3175 137 3233 aul
157 3179 286 3238 metrum
309 3173 458 3254 violatur,
486 3175 591 3237 tamen
616 3173 715 3236 multo
743 3175 845 3256 magis
874 3193 970 3254 quam
994 3173 1064 3237 elem
1088 3173 1201 3236 adver-

91 3270 166 3337 bium
184 3277 239 3354 ἤδη
259 3277 338 3339 mihi
357 3276 473 3360 placet
493 3275 578 3357 quod
598 3275 715 3358 optime
732 3277 882 3340 convenit
897 3275 1058 3339 sedulitati
1075 3279 1106 3339 et
1122 3275 1201 3339 adu-

92 3375 194 3459 lationi,
216 3399 277 3462 qua
297 3379 399 3444 Cleon
424 3379 597 3442 isiciarium
623 3398 773 3462 superare
797 3377 911 3442 studet.
943 3378 1088 3458 Accedit,
1113 3379 1199 3462 quod

93 3481 267 3560 probabilius
286 3487 337 3547 est
362 3502 477 3546 vocem
496 3482 577 3564 εἷται,
602 3503 666 3565 qua
685 3503 793 3547 carere
813 3502 992 3566 possumus,
1017 3483 1200 3566 explicandi

95 3601 182 3654 causa
209 3605 269 3668 quo
297 3585 487 3669 Paphlagon
518 3605 648 3648 cursum
679 3586 860 3650 directurus
892 3589 984 3666 esset,
1015 3587 1120 3649 textui
1144 3585 1198 3648 ad-

96 3687 222 3770 scriptam
239 3691 272 3752 in
293 3709 425 3754 versum
445 3690 608 3772 migrasse,
628 3709 723 3772 quam
742 3689 812 3770 ἢδη,
836 3689 920 3771 quod
942 3689 1102 3770 quomodo
1122 3693 1200 3752 tam-

97 3809 173 3870 quam
188 3794 341 3876 glossema
360 3795 396 3856 in
416 3796 545 3856 textum
562 3793 673 3856 venire
692 3794 832 3875 potuerit
848 3792 998 3874 equidem
1015 3813 1078 3856 non
1096 3791 1199 3856 iirleo.

167 3896 199 3960 ln
220 3897 413 3962 Ranarum
439 3915 469 3957 v.
487 3896 550 3958 369
575 3915 641 3978 sqq.
662 3897 854 3960 ἀπαυδῶ-
871 3897 1038 3962 ἐξίττατθαι
1067 3899 1200 3973 μύαταια

98 4003 182 4074 xopoic
199 4002 227 4064 V
247 4007 277 4066 et
292 4003 415 4067 lemma
436 3997 536 4062 schol.
554 3999 585 4060 V
603 4000 726 4063 radron
747 4000 837 4062 αὐδῶ
854 3999 1015 4082 praebent
1032 3999 1060 4062 R
1075 4001 1200 4064 τούτοις

98 4097 201 4167 ἀπαυδῶ
216 4109 383 4190 expuncto
402 4103 449 4166 ἀπ
465 4101 644 4166 secundum
660 4101 845 4166 Velsonum.
877 4101 1069 4183 Blaydesius
1089 4123 1107 4164 a
1125 4101 1201 4166 Vel·

98 4223 152 4268 seno
170 4209 296 4295 diisqfle
317 4205 508 4275 editoribus
528 4206 661 4270 ἀπαυδῶ
686 4213 850 4289 receptum
870 4225 941 4270 esse
961 4207 1095 4268 miratus
1120 4205 1200 4269 haee

96 4309 297 4380 aumdvertit:
332 4310 446 4387 “Quis
480 4307 566 4372 enim
598 4308 738 4374 Graecus
771 4329 914 4392 unquam
948 4307 1031 4372 dixit
1065 4308 1199 4372 ἀπαυδῶ
