2932 4800
47 334 191 404 Epistulae
205 336 362 390 amatoriae
382 336 522 407 quomodo
535 336 707 392 cohaereant
724 353 788 392 eurn
805 337 903 406 elegiis
916 336 1123 393 Alexandrinis.
1159 332 1178 393 5

46 507 93 571 sie
119 526 178 571 aus
198 507 255 571 der
278 508 436 572 attisoheu
452 507 610 572 Komiidie
634 514 840 574 entnommeu
860 508 986 574 habeu’.
1010 508 1104 587 Quod
1121 509 1180 574 tibi

46 610 163 674 melius
183 611 356 695 apparebit,
375 631 450 677 cum
468 612 651 695 respexeris
670 611 833 694 nonnulla
857 631 940 694 quae
960 631 978 677 e
1005 612 1179 677 cemoediis

45 720 136 778 recta
159 714 213 777 via
235 734 300 778 non
329 733 476 778 manasse
504 714 600 779 facile
627 714 771 797 intellegi
799 717 918 799 potest,
956 714 1041 797 apud
1070 722 1179 799 poetas

45 817 206 899 elegiacos
230 816 390 882 Romanos
414 836 510 900 saepe
533 817 606 899 legi.
641 818 680 881 In
705 818 816 902 elegiis
840 818 1057 882 Romanorum
1082 819 1179 899 enirn,

44 927 83 985 ut
101 921 251 1005 exemplo
271 928 408 1004 utamur,
432 921 578 1004 poetae)
601 939 696 1004 saepe
716 920 841 1002 docent,
861 921 1020 1004 quomodo
1038 922 1179 1005 imperiti

44 1043 157 1088 rerum
180 1025 406 1088 amatoriarum
429 1026 463 1087 in
487 1042 595 1088 amore
618 1042 653 1087 se
676 1026 805 1106 gerant:
834 1022 934 1103 Le02)
957 1026 1048 1107 putat
1071 1043 1180 1107 perso·

45 1146 122 1189 nam
141 1129 254 1209 poetae
273 1130 444 1209 praecepta
462 1124 568 1190 dantis
592 1125 732 1210 elegiis
751 1126 1036 1191 Alexandrinis
1060 1126 1179 1209 deberi,

45 1249 186 1312 querum
209 1232 358 1294 auctores
383 1247 548 1293 sermones
570 1228 733 1311 lanarum,
764 1230 906 1312 quaein
937 1229 1180 1310 comoediis³t

45 1331 170 1416 puellas
194 1335 261 1396 arte
284 1333 468 1396 meretricia
491 1331 650 1414 erudiant
679 1333 882 1415 respexerint
910 1339 942 1396 et
969 1335 1014 1397 ita
1037 1341 1180 1398 mutave-

45 1441 127 1522 rint,
158 1442 195 1503 ut
217 1458 252 1503 se
276 1441 362 1523 ipsos
386 1439 532 1504 leuarum
565 1440 636 1504 loeo
658 1439 857 1504 inducerent.
893 1439 988 1506 Unde
1012 1460 1180 1524 personam

45 1548 193 1630 magistri
208 1547 354 1611 amatorii
373 1551 405 1611 et
419 1551 588 1631 praecepta
604 1549 757 1612 amatoria
775 1549 810 1611 in
829 1548 948 1631 elegias
964 1549 1181 1613 Romanorum

44 1655 357 1719 fluxisse-Plura
375 1656 527 1738 persequi
552 1655 643 1732 nolo;
666 1655 823 1739 perspicis
842 1657 915 1736 iam,
941 1656 1018 1738 quid
1038 1655 1181 1720 Leonem

44 1762 192 1844 moverit,
216 1765 252 1826 ut
275 1762 393 1846 elegias
412 1762 651 1826 Alexandrinas
674 1764 760 1826 inter
782 1763 964 1827 comoedias
989 1770 1020 1828 et
1039 1764 1182 1827 carmina

45 1870 190 1953 elegiaca
212 1870 357 1934 Romana
379 1870 581 1934 intercedere
611 1873 752 1953 putaret:
782 1890 897 1953 magna
924 1871 979 1934 illa
1008 1870 1180 1935 multitudo

46 1979 326 2059 argumentorum,
357 1997 439 2060 quae
471 1976 656 2042 comoediae
686 1984 718 2043 et
748 1997 822 2042 cum
852 1978 954 2061 elegia
977 1979 1121 2042 Romana
1149 1982 1182 2042 et

29 2105 121 2149 cum
153 2085 278 2167 ceteris,
302 2085 421 2168 quibus
445 2104 570 2150 amores
594 2085 822 2169 depinguntur,
849 2086 976 2169 scriptis
1001 2087 1181 2150 eommunis

45 2200 102 2257 est.
128 2192 218 2269 Quae
235 2213 308 2258 eum
324 2212 390 2256 non
406 2213 477 2256 raro
494 2193 606 2256 eodem
623 2193 718 2256 modo
732 2193 948 2257 deflectantur
964 2196 996 2257 et
1011 2194 1181 2258 immuten-

45 2303 107 2382 tur,
132 2302 264 2364 tertium
288 2301 449 2383 quoddam
472 2300 672 2365 intercedere
696 2320 799 2384 genus
823 2303 853 2365 ei
877 2300 1014 2382 ridetur,
1040 2301 1181 2365 Alexan·

45 2407 214 2471 drinorum
233 2408 359 2473 scilieet
374 2408 483 2492 elegia.
507 2407 558 2472 Ex
578 2408 633 2471 illa
651 2408 751 2491 igitur
769 2428 834 2471 nou
852 2408 1070 2472 Romanorum
1086 2409 1180 2472 modo

45 2515 179 2598 elegias,
211 2515 269 2580 sed
302 2516 456 2599 epistulas
488 2534 616 2598 quoque
646 2515 860 2598 Graecorum,
884 2516 1116 2580 Philostrati
1149 2519 1182 2580 et

46 2623 303 2704 Aristaeneti‚
332 2623 490 2706 originem
513 2621 632 2687 ducere
660 2630 765 2706 putat,
791 2643 873 2706 quae
905 2643 1000 2706 saepe
1030 2630 1086 2687 aut
1114 2631 1180 2687 toto

45 2736 236 2812 argumento
259 2733 316 2794 aut
338 2731 475 2814 singulis
495 2731 664 2795 sententiis
684 2750 758 2794 cum
777 2731 993 2795 Romanorum
1015 2731 1127 2815 elegiis
1147 2737 1180 2795 et

45 2857 120 2902 eum
138 2837 313 2902 comoediis
330 2844 525 2922 congruaut3
542 2839 650 2921 itaque
662 2837 728 2902 Leo
744 2838 888 2902 affirmat
903 2838 1178 2922 epistologrephos

43 2945 118 3009 flios
142 2945 323 3010 comoedias
342 2965 442 3010 nevas
458 2966 523 3010 non
543 2946 754 3028 exscripsisse
763 2946 804 3028 4);
825 2946 1060 3010 ‘Aristaenetus
1080 2946 1180 3011 kannt

44 3053 97 3117 die
114 3052 321 3118 Komoedie
340 3074 398 3137 gar
415 3054 513 3135 nieht
532 3053 616 3117 wohl
632 3053 710 3117 aber
728 3053 780 3117 die
798 3053 949 3137 Elegie;
968 3055 1003 3117 in
1023 3053 1086 3117 den
1101 3074 1180 3137 paar

44 3155 192 3238 Briefen,
224 3157 276 3222 die
304 3157 607 3223 Komtidienmotive
630 3157 751 3240 haben,
782 3155 856 3220 sind
887 3157 939 3220 die
969 3156 1091 3222 Motive
1120 3177 1179 3221 aus

44 3264 160 3329 dritter
183 3263 288 3348 Haud,
312 3264 370 3331 der
388 3265 562 3336 Ausdruelr
586 3266 628 3329 ist
650 3264 804 3348 nirgends
824 3264 882 3329 der
900 3263 1058 3329 Komddie
1082 3265 1179 3330 uach-

43 3373 182 3454 geahmt,
206 3372 273 3437 und
295 3373 450 3457 uirgends
478 3379 597 3458 spiiren
620 3373 681 3435 wir
708 3372 771 3437 den
799 3371 1037 3436 vertraulicheu
1060 3372 1175 3436 Hauoh

44 3480 101 3544 des
132 3481 290 3545 attisehen
322 3481 452 3565 Spieles.
496 3479 651 3545 Dasselbe
681 3481 741 3564 gilt
769 3500 832 3544 von
864 3479 927 3543 den
959 3479 1090 3543 Brieieu
1121 3479 1177 3546 des

43 3587 268 3652 Philostratus.
297 3589 361 3653 Wo
385 3589 502 3654 einmal
526 3587 579 3653 ein
598 3588 673 3651 Bild
697 3587 776 3652 oder
799 3588 852 3651 ein
871 3587 965 3651 Wort
987 3587 1176 3652 tatstehlich

43 3689 101 3754 der
118 3689 277 3755 Komtidie
296 3694 488 3773 entstammt,
508 3691 548 3755 da
571 3691 614 3755 ist
633 3710 667 3755 es
688 3691 800 3755 diesen
819 3690 991 3775 Sophisteu
1010 3710 1068 3753 eus
1086 3690 1175 3765 einer

138 3868 156 3937 ¹)
176 3867 397 3935 irrotulata,
415 3867 553 3936 Propertii
570 3867 580 3921 l
595 3867 636 3935 10,
651 3867 685 3921 12
695 3883 764 3937 sqq„
784 3865 877 3922 Ovidii
891 3866 986 3921 Artem
999 3866 1175 3922 Amatoriam

45 3956 74 4009 in
93 3956 191 4026 primis
211 3957 349 4012 conteras.

135 4048 156 4117 ¹)
176 4047 296 4102 Plautia.
316 4048 517 4117 Forschungen
536 4064 562 4118 p.
577 4047 628 4102 let
639 4062 699 4116 sqq.

134 4137 157 4205 ³)
177 4136 218 4190 Cf.
235 4137 327 4192 Plauti
345 4137 548 4192 Mostellariam
568 4137 700 4206 199sqq.,
719 4135 909 4192 Cistellariam
927 4135 1013 4205 lsqq.

134 4227 157 4295 ⁴)
176 4227 367 4282 Plautinisehe
387 4227 706 4296 Porschungenp.128.
