3248 4910
802 379 837 434 ld.
857 379 1080 446 Heinemann‚

848 1123 969 1209 Caput
991 1124 1034 1189 Π.

465 1284 629 1369 Epistulas
648 1285 826 1369 amatorias,
845 1305 927 1369 quae
947 1285 1078 1369 quidem
1097 1287 1235 1352 aetatem
1251 1287 1423 1369 tulerant,
1444 1285 1529 1350 slei-

375 1389 508 1472 phronis
521 1386 601 1470 dico,
614 1387 809 1471 Philostrati,
822 1389 1027 1471 Aristaeneti
1038 1388 1278 1472 Theophylaeti
1291 1411 1312 1454 a
1329 1388 1529 1454 rhetoribus

375 1491 498 1574 ingenii
511 1489 691 1555 ostentandi
704 1510 801 1556 causa
811 1490 905 1555 fictas
917 1509 987 1556 esse
1000 1510 1066 1555 non
1078 1494 1134 1573 est,
1150 1491 1237 1574 quod
1249 1512 1427 1558 moneam.
1445 1491 1529 1556 Rhe·

375 1600 481 1659 torum
491 1597 597 1659 antem
607 1594 641 1658 in
652 1594 771 1659 scholis
781 1594 972 1678 compositas
982 1612 1052 1660 esse
1060 1593 1212 1679 epistulas
1223 1601 1314 1661 certo
1326 1595 1527 1661 testimonio

374 1697 512 1763 Theonis
533 1697 694 1780 docemur,
713 1697 770 1780 qui
792 1697 895 1782 primo
912 1718 941 1781 p.
957 1697 1030 1762 Chr.
1049 1718 1080 1765 n.
1103 1699 1232 1763 saeculo
1252 1701 1343 1764 inter
1366 1716 1528 1784 prosopo

375 1800 517 1886 poeiae1)
530 1799 778 1865 exercitationes
791 1799 847 1864 has
857 1819 986 1884 quoque
997 1803 1165 1866 enumerat
1175 1802 1228 1884 (cf.
1240 1801 1392 1867 Theonis
1406 1821 1479 1885 cap.
1485 1799 1525 1882 Χ,

468 1973 487 2043 ¹)
506 1973 576 2029 Cum
595 1973 625 2027 in
642 1976 739 2027 nostro
757 1972 853 2028 libello
867 1989 1093 2044 progymnasma‚
1113 1973 1158 2029 cni
1178 1989 1283 2029 nomen
1299 1973 1523 2045 prosopopoeia

376 2063 428 2128 est,
441 2075 526 2129 saepe
540 2075 737 2128 memoremus,
750 2063 778 2114 et
791 2059 918 2115 rhetores
936 2059 991 2115 hoc
1004 2059 1117 2116 diverso
1128 2057 1212 2112 modo
1225 2059 1378 2128 deliniant,
1394 2058 1524 2116 breviter

376 2159 559 2213 exponamus,
584 2144 651 2214 qnid
674 2143 743 2199 illud
766 2144 883 2199 verbum
907 2143 981 2213 apud
1004 2143 1130 2213 singulos
1153 2142 1299 2212 significet.
1330 2144 1418 2200 Tbeo
1438 2143 1520 2198 docel

376 2229 450 2284 hanc
460 2228 647 2284 imitationem
656 2244 818 2284 sermonum
829 2243 1014 2298 personarum
1027 2227 1203 2298 quarundam
1215 2243 1288 2295 esse,
1298 2244 1376 2298 quos
1388 2227 1521 2283 moribus
1597 2273 1598 2278 ,

376 2319 460 2384 atque
474 2312 686 2369 conditionibus
699 2313 811 2369 illarum
822 2313 1001 2369 accomodari
1014 2329 1132 2369 necesse
1146 2312 1196 2378 sit3
1210 2317 1363 2382 praeterea
1377 2325 1519 2384 prosopo-

376 2397 473 2469 poeiae
492 2398 522 2453 in
542 2398 636 2453 finitas
656 2401 684 2453 et
706 2397 831 2454 infinitas
852 2397 958 2453 dividit.
982 2398 1120 2453 Auctores
1140 2397 1428 2466 disrumperemus,
1447 2410 1518 2466 quas

375 2501 390 2540 e
407 2483 511 2538 tabulis
523 2483 570 2538 vel
586 2482 706 2538 historia
724 2481 901 2550 hauriebant,
914 2483 1063 2553 loquentes
1076 2482 1210 2538 inducere
1228 2483 1268 2552 (ut
1284 2481 1365 2538 rivae
1387 2485 1429 2537 ἂν
1443 2482 1517 2536 eleos

375 2569 479 2632 λόγου(
499 2567 590 2633 Κυροε
610 2567 739 2622 ἐλαύνων
761 2567 806 2622 ἐπὶ
826 2568 1027 2637 Μαεεαγέτατ),
1046 2569 1147 2623 harum
1169 2567 1312 2624 advitam
1332 2569 1514 2624 cotidianam

375 2658 504 2723 spectare
528 2655 556 2708 et
574 2652 717 2706 orationes
742 2651 888 2708 hominurn
912 2653 993 2723 quasi
1016 2653 1154 2723 imagines
1178 2653 1304 2708 omnium
1329 2654 1470 2709 ordinum
1489 2655 1515 2704 et
1597 2641 1598 2691 l

375 2739 501 2794 omnium
522 2742 646 2793 aetatum
670 2738 774 2806 smgere
797 2737 927 2793 solebant
949 2739 1037 2807 (velut
1056 2737 1135 2792 τινα(
1153 2739 1189 2792 δν
1211 2739 1286 2793 elisor
1303 2739 1415 2804 λόγου(
1439 2735 1512 2802 ἀνὴρ

376 2824 449 2890 πρό(
467 2825 520 2890 τήν
538 2825 656 2888 γυναῖκα
676 2824 787 2889 μέλλων
806 2823 985 2894 ἀποδημεῖν).

464 2908 545 2978 llpud
564 2907 635 2963 alios
654 2908 806 2978 scriptores
825 2912 1105 2978 proggrnnasmatum
1123 2908 1211 2965 aliam
1229 2908 1430 2965 definitionem
1449 2921 1511 2977 pro-

325 3023 330 3032 ·
376 2993 546 3062 sopopoeiae
564 2993 697 3064 legimus;
720 3009 786 3049 nam
806 2994 844 3064 id,
864 2993 939 3064 quod
957 2993 1032 3048 Theo
1052 2994 1287 3064 prosopopoeiam
1305 2995 1448 3060 nominat,
1471 2989 1511 3046 illi
1597 3042 1598 3066 2

375 3078 553 3147 ethopoeiam
571 3079 723 3148 appellant.
751 3078 790 3134 Ci.
803 3079 1005 3148 Hermogenem
1021 3078 1111 3148 (Walz
1124 3079 1142 3136 l.
1156 3080 1173 3134 l.
1192 3080 1204 3134 l
1223 3079 1301 3150 pal,
1319 3080 1446 3151 Spengel
1466 3075 1510 3131 l.l.
1597 3077 1598 3099 ¹

376 3163 713 3234 11p.15)atnphronium
728 3163 770 3234 (W
772 3163 815 3218 ala
834 3164 851 3218 l.
863 3164 880 3218 l.
893 3163 904 3218 l
917 3181 944 3234 p.
959 3163 1019 3232 101,
1038 3163 1158 3234 Spengel
1175 3164 1193 3219 l.
1204 3165 1221 3219 l.
1239 3165 1262 3219 ll
1276 3164 1363 3234 pli).
1384 3165 1421 3221 Ul
1434 3161 1508 3218 Theo

376 3251 606 3320 prosopopoeiae,
625 3250 666 3304 ita
678 3250 867 3320 Hermogenes
881 3249 1045 3319 ethopoeias
1063 3249 1201 3305 infinitas
1219 3255 1248 3305 et
1264 3250 1390 3306 infinitas
1411 3245 1510 3305 dividit
1597 3263 1598 3277 ι

377 3336 421 3404 (cl.
434 3335 512 3390 Walz
530 3335 576 3392 ll
594 3336 605 3389 l
624 3351 650 3405 p.
660 3335 704 3402 le,
724 3335 845 3406 Spengel
863 3334 908 3390 l.l.
928 3335 952 3390 ll
969 3351 996 3405 p.
1006 3335 1058 3404 λδ).
1081 3335 1233 3390 Praeterea
1245 3334 1291 3390 hic
1304 3335 1410 3405 aliique
1423 3332 1506 3389 etiam

377 3420 529 3474 discrimen
541 3423 670 3474 statuunt
682 3419 754 3474 inter
767 3419 930 3490 ethopoeias
943 3419 1033 3474 όπλατ
1046 3423 1074 3474 et
1087 3421 1187 3474 διπλᾶ(
1199 3419 1244 3488 (cl.
1256 3419 1333 3474 Walz
1346 3420 1392 3475 l.l
1407 3421 1419 3475 l
1432 3415 1507 3489 pls,

377 3505 496 3574 Spengel
516 3505 560 3560 l.l.
581 3505 603 3560 ll
622 3522 648 3575 p.
663 3505 709 3560 15:
740 3509 800 3558 τῶν
819 3507 851 3560 δὲ
874 3505 1037 3572 ὴθοποιῑιδν
1056 3504 1084 3559 nt
1104 3506 1155 3570 μέν
1174 3505 1241 3559 elem
1260 3507 1353 3573 όπλαῑ,
1377 3507 1450 3560 όταν
1467 3513 1505 3554 τι(

378 3591 463 3648 αὐτό(
486 3590 547 3644 καθ’
566 3591 654 3644 αὑτὸν
677 3591 832 3657 ὑποκέηται
857 3591 962 3655 λόγου(
980 3591 1181 3659 διατιθέμενοι,
1204 3590 1233 3646 αἱ
1256 3591 1288 3644 δὲ
1311 3593 1416 3658 διπλαῖ,
1440 3589 1506 3643 όταν
1597 3655 1598 3681 ἒ

379 3677 452 3743 πρό(
471 3675 576 3745 ἄλλον).
600 3675 689 3730 Aliter
707 3676 792 3731 etiarn
810 3675 973 3730 dividuntur
991 3676 1021 3730 in
1040 3675 1147 3744 ηθικότ,
1164 3677 1330 3747 παθητικὰς,
1350 3677 1448 3742 μικτόε
1465 3669 1503 3741 (cl.

378 3760 456 3816 Walz
475 3761 493 3816 l.
506 3761 524 3814 l.
538 3761 549 3814 1
567 3777 593 3829 p.
603 3759 647 3827 46,
666 3761 785 3830 Spengel
803 3761 846 3816 l.l.
863 3761 886 3816 ll
904 3778 930 3831 p.
942 3761 988 3816 15:
1003 3760 1052 3816 titt
1065 3764 1096 3816 δὲ
1109 3761 1138 3816 ut
1152 3763 1203 3828 μὲν
1215 3761 1318 3830 ἠθικαί,
1332 3761 1360 3816 ol
1373 3763 1404 3817 δὲ
1417 3761 1503 3822 παθη-

378 3843 458 3914 τικαί,
478 3843 506 3898 ul
525 3845 557 3898 δὲ
577 3843 677 3911 μικταί.
703 3844 798 3912 ἡθικαλ
819 3846 877 3915 μέν,
901 3847 932 3900 ἐν
951 3845 995 3900 cic
1018 3846 1161 3913 ἐπικρατεῖ
1185 3847 1255 3901 όλον
1278 3849 1313 3900 τό
1334 3847 1418 3914 hooc,
1446 3841 1504 3898 οἱον

378 3929 456 3984 τίνα(
469 3931 506 3984 ἄν
523 3931 597 3985 εῐποι
614 3931 718 3996 λόγου(
730 3932 860 3998 γεωργός
874 3936 995 3998 πρῶτον
1008 3930 1079 3986 ἰδὼν
1092 3935 1180 3985 ναῦν·
1194 3929 1346 3998 παθητικοὶ
1364 3932 1405 3999 δέ,
1423 3931 1453 3986 ἐν
1465 3923 1502 3980 alc

379 4017 476 4072 διόλου
494 4019 529 4070 τό
542 4017 643 4086 saddoc,
662 4015 726 4070 οἷον
745 4015 846 4071 ποίου(
864 4017 899 4070 όν
918 4017 993 4071 εῐποι
1008 4017 1112 4082 λόγου(
1127 4013 1308 4084 Ἀνδρομάχη
1323 4016 1369 4071 ἐπὶ
1381 4017 1503 4080 Ἕκτορι·

382 4099 472 4168 μικταὶ
496 4101 527 4155 δὲ
549 4099 576 4155 cl
599 4102 720 4156 (ὺνοδον
738 4103 852 4168 ἔχουεαι
877 4103 966 4168 ηθου(
990 4102 1035 4156 καὶ
1059 4103 1179 4170 πόθους,
1200 4101 1264 4158 οἷον
1282 4101 1359 4158 τίναε
1382 4103 1418 4156 δν
1436 4101 1502 4155 elam

380 4189 483 4253 λόγου(
505 4187 645 4254 Ἀχιλλεῦ(
670 4186 716 4242 ἐπὶ
738 4193 780 4257 τῷ
800 4189 972 4258 Πατρόκλῳ.
996 4187 1041 4244 καλ
1063 4191 1118 4256 γὰρ
1144 4191 1178 4243 τό
1202 4189 1295 4244 πόθοι
1317 4189 1364 4244 διὰ
1385 4189 1440 4255 τὴν
1456 4184 1501 4240 τοῦ

379 4273 552 4340 Πατρόκλου
573 4273 694 4341 εφαγήν,
721 4272 766 4327 καὶ
785 4275 819 4327 τό
839 4273 923 4343 ἦθος,
947 4274 978 4328 ἐν
998 4275 1021 4344 ψ
1043 4273 1109 4342 περλ
1127 4275 1256 4340 πολέμου
1279 4274 1452 4340 βουλεύεται,
1472 4265 1501 4325 cl·
