3288 4908
400 397 421 460 4
828 407 863 461 M.
882 407 1104 474 lleinemann‚

398 573 480 641 locis
503 576 616 640 isdem
629 575 792 642 coloribus
815 577 1022 660 describitur,
1046 579 1172 662 qualem
1201 578 1301 642 vitam
1330 575 1408 641 fida
1438 573 1540 659 puella

399 685 539 746 amatore
574 680 706 746 absente
741 687 822 766 agot
868 681 965 766 Apud
996 681 1181 747 Terentium
1215 681 1322 745 Clinia
1359 679 1406 744 ab
1440 685 1541 742 amata

398 783 504 868 puella
524 787 688 868 separatus
707 785 823 867 aSyro
843 804 937 850 servo
956 785 1090 868 quaerit
1111 805 1174 868 qua
1190 783 1443 848 consuetudine
1460 783 1541 844 ritae

397 887 564 970 Antiphila
589 891 706 970 utatur,
729 893 762 953 et
784 889 993 954 vehementer
1015 888 1134 972 gaudet
1156 887 1248 953 illum
1272 885 1485 972 respondere
1508 903 1541 947 se

396 989 537 1072 puellam
561 1009 637 1055 cum
659 1010 725 1054 ann
749 997 781 1055 et
803 991 921 1056 ancilla
939 991 1077 1074 quadam
1096 991 1131 1054 in
1149 988 1257 1054 studio
1278 989 1423 1054 texendi
1444 1007 1541 1052 occu-

396 1097 501 1176 patam
527 1095 628 1175 atquo
658 1092 838 1156 inornatam
865 1093 1036 1175 iuvenisse,
1064 1093 1209 1158 Tibullus
1233 1093 1403 1176 Corcyrae
1429 1089 1543 1155 morbo

396 1195 534 1260 affectus
553 1197 661 1279 sperat
675 1194 800 1260 Deliam
817 1201 937 1260 castam
953 1195 1057 1262 eidem
1072 1198 1121 1262 rei
1144 1217 1182 1262 ac
1197 1197 1387 1263 Terentiaui
1410 1193 1544 1259 adules-

396 1299 499 1362 centis
522 1297 661 1382 puellam
689 1296 828 1380 studere,
853 1301 885 1363 et
907 1298 1096 1382 pudicitiam
1118 1301 1206 1364 illius
1235 1299 1276 1364 ab
1301 1319 1369 1364 anu
1396 1295 1542 1382 quadam

396 1401 561 1464 custodiri.
601 1400 673 1478 Qua
699 1402 734 1464 in
762 1400 996 1466 consuetudine
1024 1402 1094 1486 ipse
1116 1401 1223 1466 subito
1248 1402 1382 1467 rediens
1409 1400 1541 1465 Deliam

395 1502 636 1587 deprehendere
665 1505 761 1588 cupit.
786 1541 829 1550 -—
854 1503 943 1580 Quae
971 1523 1046 1569 cum
1074 1506 1119 1569 ita
1146 1506 1226 1586 siut,
1256 1503 1456 1570 Tridericus
1477 1503 1542 1567 Leo

394 1609 566 1690 exquirere
590 1605 706 1689 studet
730 1626 794 1691 qua
816 1607 940 1671 ratione
959 1608 1116 1692 cognatm,
1140 1627 1223 1690 quae
1247 1607 1432 1672 intercedit
1456 1607 1544 1670 inter

394 1710 576 1774 comoedias
592 1728 691 1774 novas
706 1716 739 1774 et
754 1709 873 1791 elegias
890 1709 1114 1792 Romanorum,
1131 1710 1277 1793 intellegi
1300 1711 1419 1794 possit
1459 1709 1541 1774 Cum

394 1812 449 1875 vix
474 1811 626 1878 credibile
654 1813 697 1876 sit
718 1811 896 1894 Tibullum,
927 1813 1146 1897 Propertium,
1177 1811 1334 1877 Ovidium
1359 1813 1477 1878 Plauti
1511 1819 1542 1876 et

392 1915 533 1980 Terentii
549 1915 731 1980 comoedias
742 1916 830 1999 ipsas
846 1915 1057 2000 exscripsisse
1069 1954 1110 1962 -
1122 1920 1235 1980 notum
1248 1917 1338 1981 enim
1355 1919 1409 1980 est
1425 1919 1541 2000 poetas

393 2018 463 2082 aovi
480 2018 640 2101 Augustei
656 2023 766 2102 poetas
784 2019 909 2082 veteres
925 2017 1056 2083 Latinos
1067 2021 1089 2100 ¹)
1104 2019 1196 2102 parvi
1212 2019 1407 2084 aestimasse
1427 2056 1484 2100 —,
1500 2015 1539 2082 ad

392 2121 588 2205 exemplaria
600 2139 717 2204 gruem
732 2125 819 2184 certe
832 2121 1033 2186 remittimur.
1053 2119 1116 2185 Sed
1126 2119 1315 2186 Eridericus
1327 2121 1409 2203 Leo,
1424 2141 1539 2203 quaru-

392 2241 488 2305 quam
505 2221 653 2287 concedit
671 2227 782 2306 poetas
803 2221 962 2305 elegiacos
978 2221 1138 2286 Romanos
1157 2223 1319 2288 rectario
1337 2225 1537 2307 argumenta

391 2347 450 2392 sua
474 2346 491 2392 e
515 2325 690 2392 comoediis
714 2327 806 2390 novis
832 2326 963 2391 Graccis
986 2326 1116 2391 houmre
1139 2325 1294 2408 potuisse,
1327 2331 1445 2389 tamen
1470 2343 1537 2388 rem

390 2432 436 2494 ito
458 2449 493 2495 se
517 2429 634 2494 habere
653 2428 829 2494 verisimile
848 2447 919 2492 esse
939 2430 1050 2511 negat;
1074 2429 1165 2512 putat
1183 2427 1283 2508 enim,
1309 2447 1389 2492 cum
1411 2427 1536 2512 elegiae

390 2531 608 2596 Romanorum
629 2533 662 2594 et
682 2527 866 2595 comoediae
887 2529 972 2593 inter
991 2547 1026 2593 se
1048 2533 1242 2612 congruunt
1267 2529 1425 2613 elegias
1446 2531 1537 2596 Ale-

389 2631 677 2715 xandrinorum,
694 2652 830 2716 quorum
846 2637 960 2718 poetae
976 2633 1192 2698 comoedias
1207 2654 1329 2700 novas
1347 2639 1534 2720 exscripse·

389 2735 463 2812 rint
482 2735 588 2800 fontes
604 2741 769 2818 poetarum
785 2735 1002 2801 Romanorum
1021 2734 1138 2816 fuisse3
1159 2737 1270 2820 itaque
1290 2735 1426 2822 dicit¹):
1454 2739 1535 2804 ‘Nur

389 2855 484 2902 wenn
516 2857 591 2901 man
625 2837 677 2902 die
709 2837 943 2922 Verzweigung
972 2836 1140 2902 derselben
1172 2837 1297 2905 Motive
1336 2841 1449 2908 durch
1483 2841 1533 2904 die

390 2941 547 3006 erotische
571 2941 732 3006 Literntur
755 2942 814 3006 der
837 2943 997 3006 Griechen
1025 2941 1093 3006 und
1115 2941 1234 3006 Rbmer
1261 2943 1315 3007 ins
1340 2947 1445 3030 Ange
1467 2943 1534 3008 fasst

389 3043 455 3106 und
473 3043 521 3109 sie
536 3064 577 3107 an
595 3041 667 3108 dem
684 3044 819 3128 sigeneu
832 3045 1110 3128 Zusammenhang
1120 3043 1284 3110 awisohen
1299 3047 1532 3130 griechisobcr

389 3145 456 3210 und
479 3147 658 3211 romischer
680 3147 855 3212 Litteratur
877 3149 965 3231 milit,
989 3147 1052 3212 den
1075 3166 1137 3212 uns
1161 3143 1213 3211 die
1237 3147 1432 3215 erotisohen
1457 3149 1530 3234 l'lpi-

388 3267 530 3332 gramme
554 3249 698 3316 deutlich
722 3251 866 3332 macheu,
885 3251 965 3314 wird
989 3271 1064 3314 man
1086 3269 1121 3315 os
1145 3249 1192 3313 als
1211 3247 1266 3314 die
1286 3251 1400 3336 einaig
1420 3256 1530 3317 natiir-

387 3351 472 3416 liche
494 3350 562 3415 und
586 3352 621 3414 in
644 3350 701 3416 der
724 3353 826 3417 Sache
854 3351 1052 3436 begrilndete
1075 3351 1258 3435 Erkltrung
1281 3353 1441 3438 nehmen‚
1470 3353 1527 3418 dad

388 3455 440 3521 die
470 3457 652 3528 rbmisohen
683 3455 834 3541 Elegilrer
870 3455 922 3521 die
955 3457 1014 3521 mit
1047 3456 1105 3521 der
1133 3453 1294 3518 Kombdie
1322 3475 1528 3522 zusammen-

387 3559 569 3624 treiienden
588 3557 711 3625 llotive
734 3580 798 3623 nur
820 3560 883 3624 den
905 3559 1130 3641 griechischen
1148 3555 1325 3640 Elegilrern
1345 3560 1420 3624 und
1442 3559 1526 3624 dieo

547 3709 701 3764 Subtemen
719 3710 814 3765 nebat.
833 3711 983 3765 Praeterea
1001 3725 1059 3764 una
1077 3707 1212 3764 ancillula

548 3794 629 3860 Erat;
650 3811 684 3848 ea
704 3795 817 3849 texebat
835 3811 901 3861 uua,
920 3793 1021 3864 pannis
1041 3793 1134 3848 obsita

547 3877 689 3947 Neglecta,
709 3879 854 3934 immunda
872 3878 976 3933 inluvie
996 3883 1048 3934 etc.

386 3963 537 4019 Praeterea
555 3977 702 4031 comparas
721 3963 858 4032 Propertii
880 3978 994 4018 carmen
1013 3963 1096 4030 1116,
1120 3960 1193 4032 quod
1217 3960 1254 4015 ad
1274 3961 1352 4018 idem
1374 3977 1520 4035 argumen-

385 4051 445 4104 tum
464 4051 580 4117 spectet.

481 4133 499 4201 ¹)
519 4131 654 4186 Conleras
673 4131 781 4188 Horatii
798 4131 948 4201 epistulam
968 4131 1127 4201 111‚50sq.
1146 4137 1173 4186 et
1190 4130 1261 4186 artis
1274 4131 1413 4202 poeticae
1427 4147 1520 4190 versus

385 4217 439 4273 268
448 4233 524 4286 sqq.;
545 4215 683 4284 Propertii
703 4216 821 4285 elegiam
840 4215 874 4271 lV
888 4217 912 4283 1,
925 4217 968 4271 61.

477 4301 498 4369 ¹)
516 4297 710 4355 Plautiniscbe
728 4299 927 4370 Forschungen
946 4317 972 4370 p.
987 4301 1046 4356 129.
