3200 4918
279 421 475 491 Quaestiones
494 422 607 479 criticae
626 422 657 477 16
674 422 870 492 Aristophanis
888 422 1008 478 fabulas.
1168 415 1213 480 59

100 594 224 660 ciendum
247 595 321 676 6111,
345 595 407 676 qui
429 595 465 658 in
487 593 581 657 Vind.
600 595 654 658 Ar.
668 614 699 678 p.
718 596 779 658 111
804 595 963 678 positione
986 593 1160 659 verborum
1183 595 1213 660 61

99 698 264 777 τριτμακάρι’
281 697 384 763 8-11
408 704 534 763 serrata
557 698 664 776 drrpic
684 697 817 780 μακάρι’,
841 697 868 760 ὦ
885 697 1068 779 κλεινότατ’,
1092 697 1214 773 ὦγλα-

99 803 251 882 ρυρώτατε,
276 800 568 882 ὦκατακὲλευςον,
588 801 818 865 κατακὲλευςον
834 800 969 884 scripsit
993 799 1153 884 Equidem
1168 821 1210 866 ne

97 906 227 968 rationem
245 903 410 968 lleinelrii
432 903 575 987 probem,
598 903 729 968 scholiis
751 903 923 986 prohibeor
945 903 1137 968 testantibus
1155 903 1214 968 Di-

97 1007 206 1089 16666
228 1009 261 1072 61
284 1005 521 1088 Symmachum
545 1006 678 1071 verbum
709 1007 939 1072 κατακὲλευςον
962 1007 1061 1071 semel
1085 1012 1210 1070 tantum

96 1111 210 1192 positum
233 1110 363 1193 legisse.
388 1109 559 1193 llxplioata
577 1111 755 1193 scripturae
780 1109 993 1194 discrepantia
1015 1111 1079 1174 iam
1103 1115 1209 1193 166161,

97 1213 260 1278 6161166616
277 1211 420 1294 tollatur,
447 1233 543 1295 quam
561 1212 699 1296 repetita
713 1233 778 1276 vox
795 1217 962 1293 ςοφώτατε
978 1212 1115 1296 praebet
1141 1212 1215 1290 Qua

95 1317 120 1378 in
138 1335 168 1379 re
188 1315 333 1380 Koolrius
357 1321 517 1400 punctum
542 1315 654 1380 tulisse
678 1315 816 1398 videtur,
840 1335 914 1380 eum
937 1317 972 1379 16
995 1315 1157 1380 6166161
1180 1336 1213 1380 r.

97 1421 163 1482 1112
176 1419 340 1499 ’ξοχώτατ’
350 1438 410 1503 pro
423 1418 586 1498 εοφώτατ’
599 1417 740 1484 66111616
751 1421 946 1502 proponeret
958 1417 1081 1482 eollatis
1093 1419 1211 1484 Aesoh.

93 1525 140 1604 lg.
155 1523 250 1586 1622:
277 1525 353 1587 δύαι
378 1522 574 1600 ἐξοχώταται
598 1526 730 1600 φρενῶν
754 1521 979 1599 ἰατρομάντεις.
1007 1520 1083 1584 Eur.
1100 1521 1209 1606 Suppl.

95 1625 159 1688 889:
179 1627 439 1706 depositorium,
472 1620 557 1689 εἶδος
580 1622 790 1702 ἐξοχώτατος.
820 1622 1072 1706 Sopatrum:
1105 1625 1212 1691 611616

94 1727 185 1806 ἔξοχος
200 1727 300 1793 ἄλλος
319 1728 475 1806 ἔβλαςτεν
492 1725 604 1791 ἄλλου.
619 1725 690 1791 Hae
705 1727 806 1810 igitur
819 1725 886 1790 leni
902 1727 1078 1791 mutatione
1094 1726 1210 1792 Koclrii

93 1831 211 1895 adbibita
233 1849 297 1895 666.
318 1831 516 1894 1272-73;
542 1828 568 1892 ὦ
593 1829 775 1911 κλεινότατ’,
800 1829 1013 1912 ὦ’ξοχώτατ’,
1038 1830 1065 1894 ὦ
1088 1834 1214 1911 γλαφυ·

93 1938 206 2010 pistore·
226 1933 231 2018 Ι
251 1934 279 1997 dr
297 1932 507 2016 τριςμακάρι’,
526 1931 552 1995 ab
570 1933 802 1998 κατακέλευςον
817 1933 941 1998 nemini
956 1935 1018 1996 iam
1036 1933 1210 1998 offensioni

92 2037 146 2102 fore
164 2037 307 2102 arbitror.

164 2141 198 2204 ln
215 2161 242 2204 τ.
257 2141 349 2204 1563
366 2141 405 2205 τὸ
423 2143 539 2216 λαῑτμα
554 2137 705 2202 traditum
725 2139 823 2202 66116
840 2138 879 2218 V,
897 2141 935 2203 τὸ
952 2143 1046 2219 λαῖμα
1062 2141 1096 2202 in
1113 2138 1212 2204 s-It

94 2241 280 2308 1661161611
305 2243 436 2307 6166616
456 2241 585 2305 videtur
607 2242 830 2325 grammaticis
855 2243 910 2324 qui
927 2242 1015 2306 huno
1030 2241 1139 2308 locum
1161 2261 1211 2307 sa-

93 2365 153 2412 nare
174 2349 274 2413 eonati
299 2366 361 2431 pro
385 2343 481 2410 6611.
498 2347 656 2430 scriptura
679 2348 768 2409 varia
790 2347 947 2410 voeabula
965 2353 1212 2430 proposuerunt

93 2450 207 2532 1116616,
224 2471 266 2515 66
283 2451 421 2515 chartae
437 2469 498 2514 nos
513 2451 670 2534 misereat,
691 2452 892 2515 coniecturas
908 2471 926 2513 a
942 2449 1114 2533 Blaydesio
1135 2471 1213 2515 oon-

93 2561 178 2633 gestas
192 2555 224 2618 in
235 2553 450 2618 adnotatione
466 2553 506 2616 ad
522 2553 552 2616 h.
563 2574 590 2617 v.
603 2554 703 2617 nimia
719 2555 870 2618 materiae
884 2553 1028 2618 ubertate
1044 2558 1081 2616 ut
1092 2553 1212 2636 saepis-

93 2656 156 2719 sime
171 2656 344 2720 laborante.
369 2655 492 2719 Adhuc
515 2655 574 2720 sub
593 2655 701 2720 iudice
724 2655 764 2720 lis
788 2661 845 2738 661,
870 2675 965 2738 quam
984 2675 1042 2719 nos
1059 2656 1210 2722 dirimere

93 2775 143 2820 non
156 2778 241 2842 posse
257 2759 365 2823 libere
381 2757 585 2842 profitemur.
609 2758 660 2822 Ex
679 2759 828 2823 omnibus
852 2764 958 2824 autem
978 2759 1211 2824 mutationibus
1310 2795 1322 2821 ι

93 2863 209 2926 mnne
229 2863 327 2926 nobis
347 2861 504 2945 probatur
519 2861 646 2926 Bentlei
665 2867 698 2926 et
712 2861 867 2926 Meinelrii
886 2866 1008 2943 λαῑγμα,
1033 2863 1209 2926 1666611-

92 2961 191 3044 16166,
213 2965 332 3030 collata
346 2963 456 3047 glossa
472 2963 629 3046 Hesychii
646 2967 814 3043 λαίγματα;
839 2967 1000 3043 πέμματα·
1021 2965 1050 3029 οἱ
1068 2969 1103 3029 δὲ
1119 2967 1213 3044 ςπὲρ-

93 3089 164 3150 ματιι,
182 3071 247 3150 ἱερὰ
263 3071 469 3148 ἀπάργματα.
490 3069 767 3133 (11.611616Ρ1ο111
787 3070 827 3152 gl.
843 3070 999 3149 tdrporo:
1022 3071 1089 3148 ἱερὰ
1110 3069 1211 3148 ἀπάρ-

91 3191 181 3247 γματα
204 3174 350 3252 1666111,
385 3171 472 3254 quod
496 3171 611 3236 Suidas
634 3191 747 3236 vocem
771 3176 865 3250 λαῖμα
888 3173 1118 3255 interpretatur
1140 3191 1213 3237 ver-

93 3270 129 3335 bis
148 3277 181 3338 rb
204 3276 300 3358 1ερόν,
327 3278 428 3353 θῦμα.

164 3377 199 3441 16
216 3379 436 3462 vesparum
452 3377 581 3440 v.1307
600 3376 736 3442 κᾶτυιττὲ
753 3397 790 3456 με
802 3377 918 3461 (s-R,
935 3379 1107 3442 κατὲτυπτὲ
1119 3400 1157 3458 με
1169 3379 1213 3458 V)

93 3485 223 3546 νεανικῶς
245 3485 304 3546 παῖ
327 3484 388 3544 παῖ
412 3482 521 3544 καλῶν
545 3481 633 3544 6116
656 3479 752 3545 S—-R
776 3485 808 3546 et
831 3482 865 3544 16
884 3480 913 3542 V
939 3487 1048 3545 eontra
1070 3484 1210 3546 metrum

93 3592 237 3660 peceatum
258 3587 317 3648 661
346 3583 392 3648 Ut
411 3584 540 3646 numeri
560 3587 647 3648 16616
666 3583 885 3667 procederent,
906 3583 1061 3667 Bergkius
1078 3590 1110 3649 et
1128 3584 1212 3649 Mei-

93 3683 187 3750 netius
205 3693 276 3752 oett.
293 3685 389 3751 oodd.
406 3685 579 3750 lectionem
594 3685 731 3752 κᾶτυττε
748 3689 786 3765 δή
803 3708 841 3766 με
864 3693 1065 3771 receperunt.
1089 3688 1153 3752 Sed
1169 3689 1211 3753 de

96 3789 242 3868 16661611
262 3789 355 3854 1661
374 3789 443 3853 6616
463 3807 505 3851 66
522 3787 713 3870 Blaydesius
737 3791 771 3852 in
795 3790 900 3855 adnot.
913 3791 953 3854 61
970 3791 999 3855 h.
1017 3811 1045 3854 v.
1058 3796 1145 3855 reete
1163 3792 1212 3856 sie

95 3887 236 3956 iudieorit:
260 3891 454 3956 “Particula
478 3893 516 3969 δὴ
536 3893 630 3956 mebi
649 3892 806 3956 fulciendi
825 3911 923 3957 eausa
946 3893 984 3956 ab
1004 3895 1212 3976 grammatico

96 3991 181 4074 aliquo
208 3995 405 4080 interpolata
437 3994 517 4058 esr’.
550 3994 750 4080 Quapropter
774 3995 944 4078 Bleydesio
976 3994 1132 4062 κᾶτυπτεν
1156 3999 1211 4076 ἐμὲ

97 4095 224 4162 scribenti
254 4098 386 4183 plaudo.
417 4096 527 4162 Facile
557 4100 641 4162 enim
671 4099 797 4164 litterae
827 4121 862 4164 νε
893 4105 967 4164 6616
998 4120 1036 4178 με
1059 4099 1211 4165 61611616

96 4207 226 4276 poterant.

166 4304 202 4368 ln
224 4305 592 4371 lloelesiaausarum
615 4325 645 4369 ιτ.
661 4307 726 4369 417
751 4309 909 4384 πλευρῖτις
926 4305 978 4387 (ἂν
994 4303 1034 4389 R)
1049 4307 1140 4384 ἡμῶν
1157 4305 1214 4369 οὐ·
