<?xml version="1.0" encoding="UTF-8"?>
<!DOCTYPE html PUBLIC "-//W3C//DTD XHTML 1.0 Transitional//EN"
    "http://www.w3.org/TR/xhtml1/DTD/xhtml1-transitional.dtd">
<html xmlns="http://www.w3.org/1999/xhtml" xml:lang="en" lang="en">
 <head>
  <title>
</title>
<meta http-equiv="Content-Type" content="text/html;charset=utf-8" />
  <meta name='ocr-system' content='tesseract 3.04.00' />
  <meta name='ocr-capabilities' content='ocr_page ocr_carea ocr_par ocr_line ocrx_word'/>
</head>
<body>
  <div class='ocr_page' id='page_1' title='image "./dissertationesp03stragoog_0953.png"; bbox 0 0 3248 4910; ppageno 0'>
   <div class='ocr_carea' id='block_1_1' title="bbox 395 382 1098 458">
    <p class='ocr_par' dir='ltr' id='par_1_1' title="bbox 395 382 1098 458">
     <span class='ocr_line' id='line_1_1' title="bbox 395 382 1098 458; baseline 0.001 -13"><span class='ocrx_word' id='word_1_1' title='bbox 395 382 457 446; x_wconf 84' lang='lat'><strong>112</strong></span> <span class='ocrx_word' id='word_1_2' title='bbox 822 391 857 445; x_wconf 87' lang='lat' dir='ltr'><strong>bl.</strong></span> <span class='ocrx_word' id='word_1_3' title='bbox 876 391 1098 458; x_wconf 84' lang='lat' dir='ltr'><strong>Heinemann,</strong></span> 
     </span>
    </p>
   </div>
   <div class='ocr_carea' id='block_1_2' title="bbox 392 559 1516 646">
    <p class='ocr_par' dir='ltr' id='par_1_2' title="bbox 392 559 1516 646">
     <span class='ocr_line' id='line_1_2' title="bbox 392 559 1516 646; baseline -0.003 -20"><span class='ocrx_word' id='word_1_4' title='bbox 392 561 519 646; x_wconf 83' lang='lat' dir='ltr'><strong>habere,</strong></span> <span class='ocrx_word' id='word_1_5' title='bbox 543 581 607 645; x_wconf 88' lang='lat' dir='ltr'><strong>quo</strong></span> <span class='ocrx_word' id='word_1_6' title='bbox 626 581 697 628; x_wconf 88' lang='lat' dir='ltr'><strong>eam</strong></span> <span class='ocrx_word' id='word_1_7' title='bbox 720 561 844 646; x_wconf 77' lang='lat' dir='ltr'><strong>condat,</strong></span> <span class='ocrx_word' id='word_1_8' title='bbox 867 561 974 646; x_wconf 89' lang='lat' dir='ltr'><strong>lepido</strong></span> <span class='ocrx_word' id='word_1_9' title='bbox 992 561 1115 646; x_wconf 80' lang='lat' dir='ltr'><strong>profert</strong></span> <span class='ocrx_word' id='word_1_10' title='bbox 1132 562 1211 628; x_wconf 92' lang='lat' dir='ltr'><strong>ioco.</strong></span> <span class='ocrx_word' id='word_1_11' title='bbox 1240 559 1326 638; x_wconf 85' lang='lat' dir='ltr'>Quid</span> <span class='ocrx_word' id='word_1_12' title='bbox 1344 560 1445 644; x_wconf 81' lang='lat' dir='ltr'><strong>igitur</strong></span> <span class='ocrx_word' id='word_1_13' title='bbox 1462 566 1516 639; x_wconf 78' lang='lat' dir='ltr'><strong>est,</strong></span> 
     </span>
    </p>
   </div>
   <div class='ocr_carea' id='block_1_3' title="bbox 391 665 1379 853">
    <p class='ocr_par' dir='ltr' id='par_1_3' title="bbox 391 665 1379 853">
     <span class='ocr_line' id='line_1_3' title="bbox 391 665 1030 750; baseline 0.002 -21"><span class='ocrx_word' id='word_1_14' title='bbox 391 684 452 730; x_wconf 89' lang='lat' dir='ltr'><strong>cur</strong></span> <span class='ocrx_word' id='word_1_15' title='bbox 473 665 597 731; x_wconf 87' lang='lat' dir='ltr'><strong>fontem</strong></span> <span class='ocrx_word' id='word_1_16' title='bbox 619 685 823 732; x_wconf 91' lang='lat' dir='ltr'><strong>communem</strong></span> <span class='ocrx_word' id='word_1_17' title='bbox 844 665 1030 750; x_wconf 79' lang='lat' dir='ltr'><strong>fingamus?</strong></span> 
     </span>
     <span class='ocr_line' id='line_1_4' title="bbox 480 767 1379 853; baseline -0.002 -21"><span class='ocrx_word' id='word_1_18' title='bbox 480 767 627 834; x_wconf 82' lang='lat' dir='ltr'><strong>Fortasse</strong></span> <span class='ocrx_word' id='word_1_19' title='bbox 650 773 744 853; x_wconf 89' lang='lat' dir='ltr'><strong>putas</strong></span> <span class='ocrx_word' id='word_1_20' title='bbox 768 767 877 833; x_wconf 85' lang='lat' dir='ltr'><strong>Ovidii</strong></span> <span class='ocrx_word' id='word_1_21' title='bbox 901 789 929 832; x_wconf 89' lang='grc' dir='ltr'><strong>ν.</strong></span> <span class='ocrx_word' id='word_1_22' title='bbox 939 790 968 834; x_wconf 84' lang='lat' dir='ltr'><strong>v.</strong></span> <span class='ocrx_word' id='word_1_23' title='bbox 988 769 1004 834; x_wconf 88' lang='grc' dir='ltr'>Ι</span> <span class='ocrx_word' id='word_1_24' title='bbox 1025 770 1076 852; x_wconf 86' lang='grc'><strong>10,</strong></span> <span class='ocrx_word' id='word_1_25' title='bbox 1092 769 1233 834; x_wconf 84' lang='grc'>43-46.</span> <span class='ocrx_word' id='word_1_26' title='bbox 1251 769 1302 832; x_wconf 84' lang='grc'><strong>51.</strong></span> <span class='ocrx_word' id='word_1_27' title='bbox 1320 769 1379 832; x_wconf 88' lang='lat'><strong>58:</strong></span> 
     </span>
    </p>
   </div>
   <div class='ocr_carea' id='block_1_4' title="bbox 498 883 1421 1462">
    <p class='ocr_par' dir='ltr' id='par_1_4' title="bbox 500 883 1292 1068">
     <span class='ocr_line' id='line_1_5' title="bbox 500 883 1292 970; baseline 0 -22"><span class='ocrx_word' id='word_1_28' title='bbox 500 883 609 950; x_wconf 78' lang='lat' dir='ltr'><strong>Gratia</strong></span> <span class='ocrx_word' id='word_1_29' title='bbox 631 904 689 970; x_wconf 94' lang='lat' dir='ltr'><strong>pro</strong></span> <span class='ocrx_word' id='word_1_30' title='bbox 712 885 810 950; x_wconf 89' lang='lat' dir='ltr'><strong>rebus</strong></span> <span class='ocrx_word' id='word_1_31' title='bbox 834 887 947 950; x_wconf 92' lang='lat' dir='ltr'><strong>merito</strong></span> <span class='ocrx_word' id='word_1_32' title='bbox 971 885 1106 951; x_wconf 90' lang='lat' dir='ltr'><strong>debetur</strong></span> <span class='ocrx_word' id='word_1_33' title='bbox 1128 885 1292 969; x_wconf 88' lang='lat' dir='ltr'><strong>inemptis;</strong></span> 
     </span>
     <span class='ocr_line' id='line_1_6' title="bbox 552 983 1244 1068; baseline 0 -20"><span class='ocrx_word' id='word_1_34' title='bbox 552 984 616 1048; x_wconf 90' lang='lat' dir='ltr'><strong>Pro</strong></span> <span class='ocrx_word' id='word_1_35' title='bbox 640 983 722 1048; x_wconf 91' lang='lat' dir='ltr'><strong>male</strong></span> <span class='ocrx_word' id='word_1_36' title='bbox 746 983 905 1049; x_wconf 91' lang='lat' dir='ltr'><strong>conducto</strong></span> <span class='ocrx_word' id='word_1_37' title='bbox 928 986 1033 1068; x_wconf 84' lang='lat' dir='ltr'><strong>gratia</strong></span> <span class='ocrx_word' id='word_1_38' title='bbox 1053 984 1144 1050; x_wconf 90' lang='lat' dir='ltr'><strong>nulla</strong></span> <span class='ocrx_word' id='word_1_39' title='bbox 1166 987 1244 1049; x_wconf 92' lang='lat' dir='ltr'><strong>toro.</strong></span> 
     </span>
    </p>

    <p class='ocr_par' dir='ltr' id='par_1_5' title="bbox 499 1081 1251 1247">
     <span class='ocr_line' id='line_1_7' title="bbox 499 1081 1251 1149; baseline 0 -1"><span class='ocrx_word' id='word_1_40' title='bbox 499 1083 615 1148; x_wconf 89' lang='lat' dir='ltr'><strong>Omnia</strong></span> <span class='ocrx_word' id='word_1_41' title='bbox 636 1083 815 1148; x_wconf 91' lang='lat' dir='ltr'><strong>conductor</strong></span> <span class='ocrx_word' id='word_1_42' title='bbox 837 1083 950 1148; x_wconf 83' lang='lat' dir='ltr'><strong>solvit:</strong></span> <span class='ocrx_word' id='word_1_43' title='bbox 976 1083 1123 1149; x_wconf 79' lang='lat' dir='ltr'><strong>mercede</strong></span> <span class='ocrx_word' id='word_1_44' title='bbox 1147 1081 1251 1149; x_wconf 87' lang='lat' dir='ltr'><strong>soluta</strong></span> 
     </span>
     <span class='ocr_line' id='line_1_8' title="bbox 551 1179 1202 1247; baseline 0.002 -2"><span class='ocrx_word' id='word_1_45' title='bbox 551 1181 625 1246; x_wconf 90' lang='lat' dir='ltr'><strong>Non</strong></span> <span class='ocrx_word' id='word_1_46' title='bbox 647 1184 756 1246; x_wconf 87' lang='lat' dir='ltr'><strong>manet</strong></span> <span class='ocrx_word' id='word_1_47' title='bbox 778 1181 888 1246; x_wconf 88' lang='lat' dir='ltr'><strong>officio</strong></span> <span class='ocrx_word' id='word_1_48' title='bbox 912 1179 1039 1247; x_wconf 88' lang='lat' dir='ltr'><strong>debitor</strong></span> <span class='ocrx_word' id='word_1_49' title='bbox 1061 1183 1115 1246; x_wconf 92' lang='lat' dir='ltr'><strong>ille</strong></span> <span class='ocrx_word' id='word_1_50' title='bbox 1138 1184 1202 1247; x_wconf 90' lang='lat' dir='ltr'><strong>tuo.</strong></span> 
     </span>
    </p>

    <p class='ocr_par' dir='ltr' id='par_1_6' title="bbox 498 1279 1421 1462">
     <span class='ocr_line' id='line_1_9' title="bbox 498 1279 1402 1365; baseline -0.002 -20"><span class='ocrx_word' id='word_1_51' title='bbox 498 1279 653 1346; x_wconf 80' lang='lat' dir='ltr'><strong>Officium</strong></span> <span class='ocrx_word' id='word_1_52' title='bbox 675 1299 799 1365; x_wconf 84' lang='lat' dir='ltr'><strong>pauper</strong></span> <span class='ocrx_word' id='word_1_53' title='bbox 820 1287 970 1346; x_wconf 90' lang='lat' dir='ltr'><strong>numerat</strong></span> <span class='ocrx_word' id='word_1_54' title='bbox 992 1279 1199 1364; x_wconf 78' lang='lat' dir='ltr'><strong>studiumque</strong></span> <span class='ocrx_word' id='word_1_55' title='bbox 1222 1279 1402 1363; x_wconf 83' lang='lat' dir='ltr'><strong>iidemque:</strong></span> 
     </span>
     <span class='ocr_line' id='line_1_10' title="bbox 553 1378 1421 1462; baseline -0.001 -19"><span class='ocrx_word' id='word_1_56' title='bbox 553 1379 648 1456; x_wconf 79' lang='lat' dir='ltr'><strong>Quod</strong></span> <span class='ocrx_word' id='word_1_57' title='bbox 666 1381 739 1462; x_wconf 92' lang='lat' dir='ltr'><strong>quis</strong></span> <span class='ocrx_word' id='word_1_58' title='bbox 758 1379 862 1462; x_wconf 76' lang='lat' dir='ltr'><strong>habet</strong></span> <span class='ocrx_word' id='word_1_59' title='bbox 882 1378 1031 1446; x_wconf 89' lang='lat' dir='ltr'><strong>dominae</strong></span> <span class='ocrx_word' id='word_1_60' title='bbox 1051 1379 1195 1445; x_wconf 83' lang='lat' dir='ltr'><strong>conferat</strong></span> <span class='ocrx_word' id='word_1_61' title='bbox 1213 1398 1306 1444; x_wconf 89' lang='lat' dir='ltr'><strong>omne</strong></span> <span class='ocrx_word' id='word_1_62' title='bbox 1325 1379 1421 1443; x_wconf 86' lang='lat' dir='ltr'><strong>suae!</strong></span> 
     </span>
    </p>
   </div>
   <div class='ocr_carea' id='block_1_5' title="bbox 389 1493 1521 3019">
    <p class='ocr_par' dir='ltr' id='par_1_7' title="bbox 389 1493 1521 3019">
     <span class='ocr_line' id='line_1_11' title="bbox 390 1493 1520 1580; baseline -0.004 -18"><span class='ocrx_word' id='word_1_63' title='bbox 390 1499 424 1562; x_wconf 91' lang='lat' dir='ltr'><strong>et</strong></span> <span class='ocrx_word' id='word_1_64' title='bbox 446 1495 631 1562; x_wconf 85' lang='lat' dir='ltr'><strong>Philostrati</strong></span> <span class='ocrx_word' id='word_1_65' title='bbox 654 1496 744 1580; x_wconf 85' lang='lat' dir='ltr'><strong>epist.</strong></span> <span class='ocrx_word' id='word_1_66' title='bbox 766 1499 783 1560; x_wconf 80' lang='lat'>7</span> <span class='ocrx_word' id='word_1_67' title='bbox 809 1497 890 1580; x_wconf 83' lang='lat'><strong>(44):</strong></span> <span class='ocrx_word' id='word_1_68' title='bbox 919 1497 1035 1577; x_wconf 82' lang='grc' dir='ltr'>ὑβρίζει</span> <span class='ocrx_word' id='word_1_69' title='bbox 1061 1498 1119 1562; x_wconf 92' lang='grc' dir='ltr'><strong>τὸν</strong></span> <span class='ocrx_word' id='word_1_70' title='bbox 1142 1497 1303 1562; x_wconf 83' lang='grc' dir='ltr'>πειεθέντα</span> <span class='ocrx_word' id='word_1_71' title='bbox 1327 1493 1346 1560; x_wconf 88' lang='grc' dir='ltr'>ὁ</span> <span class='ocrx_word' id='word_1_72' title='bbox 1370 1495 1520 1560; x_wconf 66' lang='lat' dir='ltr'><strong>ulciscor</strong></span> 
     </span>
     <span class='ocr_line' id='line_1_12' title="bbox 391 1595 1521 1681; baseline -0.004 -16"><span class='ocrx_word' id='word_1_73' title='bbox 391 1600 437 1665; x_wconf 74' lang='lat' dir='ltr'><strong>ihc</strong></span> <span class='ocrx_word' id='word_1_74' title='bbox 461 1599 657 1681; x_wconf 69' lang='lat' dir='ltr'><strong>tornutium,</strong></span> <span class='ocrx_word' id='word_1_75' title='bbox 686 1598 705 1662; x_wconf 90' lang='grc' dir='ltr'>ὁ</span> <span class='ocrx_word' id='word_1_76' title='bbox 731 1601 767 1663; x_wconf 87' lang='grc' dir='ltr'><strong>δέ</strong></span> <span class='ocrx_word' id='word_1_77' title='bbox 789 1601 886 1678; x_wconf 73' lang='grc' dir='ltr'>πένης</span> <span class='ocrx_word' id='word_1_78' title='bbox 915 1595 982 1664; x_wconf 83' lang='grc' dir='ltr'>οἶδε</span> <span class='ocrx_word' id='word_1_79' title='bbox 1010 1599 1102 1680; x_wconf 85' lang='grc' dir='ltr'>χάριν</span> <span class='ocrx_word' id='word_1_80' title='bbox 1129 1599 1174 1663; x_wconf 83' lang='grc' dir='ltr'><strong>ὼε</strong></span> <span class='ocrx_word' id='word_1_81' title='bbox 1201 1599 1401 1678; x_wconf 72' lang='grc' dir='ltr'>ἐλεούμενος.</span> <span class='ocrx_word' id='word_1_82' title='bbox 1429 1597 1521 1662; x_wconf 83' lang='grc' dir='ltr'>πάλιν</span> 
     </span>
     <span class='ocr_line' id='line_1_13' title="bbox 392 1699 1518 1782; baseline -0.003 -16"><span class='ocrx_word' id='word_1_83' title='bbox 392 1701 578 1780; x_wconf 81' lang='grc' dir='ltr'>ὁλαμπρὸε</span> <span class='ocrx_word' id='word_1_84' title='bbox 600 1701 636 1765; x_wconf 91' lang='grc' dir='ltr'><strong>τὸ</strong></span> <span class='ocrx_word' id='word_1_85' title='bbox 659 1704 884 1781; x_wconf 83' lang='grc' dir='ltr'>πεπραγμένον</span> <span class='ocrx_word' id='word_1_86' title='bbox 908 1701 940 1768; x_wconf 83' lang='grc' dir='ltr'><strong>έε</strong></span> <span class='ocrx_word' id='word_1_87' title='bbox 970 1701 1111 1768; x_wconf 69' lang='lat' dir='ltr'><strong>coccea</strong></span> <span class='ocrx_word' id='word_1_88' title='bbox 1139 1702 1292 1782; x_wconf 87' lang='grc' dir='ltr'>ἀναφέρει</span> <span class='ocrx_word' id='word_1_89' title='bbox 1319 1705 1376 1779; x_wconf 73' lang='grc' dir='ltr'><strong>τῆς</strong></span> <span class='ocrx_word' id='word_1_90' title='bbox 1405 1699 1518 1764; x_wconf 78' lang='grc' dir='ltr'>οἰκεία(</span> 
     </span>
     <span class='ocr_line' id='line_1_14' title="bbox 391 1802 1520 1886; baseline -0.004 -18"><span class='ocrx_word' id='word_1_91' title='bbox 391 1803 566 1882; x_wconf 70' lang='grc' dir='ltr'>δυνάμεως,</span> <span class='ocrx_word' id='word_1_92' title='bbox 586 1803 605 1868; x_wconf 90' lang='grc' dir='ltr'>ὁ</span> <span class='ocrx_word' id='word_1_93' title='bbox 623 1805 659 1868; x_wconf 87' lang='grc' dir='ltr'><strong>δέ</strong></span> <span class='ocrx_word' id='word_1_94' title='bbox 677 1805 773 1883; x_wconf 85' lang='grc' dir='ltr'>πένηε</span> <span class='ocrx_word' id='word_1_95' title='bbox 791 1803 824 1870; x_wconf 72' lang='lat' dir='ltr'><strong>tc</strong></span> <span class='ocrx_word' id='word_1_96' title='bbox 844 1807 901 1884; x_wconf 76' lang='grc' dir='ltr'><strong>τήν</strong></span> <span class='ocrx_word' id='word_1_97' title='bbox 921 1807 980 1869; x_wconf 87' lang='grc' dir='ltr'><strong>τοῦ</strong></span> <span class='ocrx_word' id='word_1_98' title='bbox 1002 1804 1117 1870; x_wconf 82' lang='grc' dir='ltr'>δόνιοε</span> <span class='ocrx_word' id='word_1_99' title='bbox 1137 1803 1380 1886; x_wconf 79' lang='grc' dir='ltr'>φιλανθρωπίαν</span> <span class='ocrx_word' id='word_1_100' title='bbox 1399 1802 1520 1886; x_wconf 86' lang='lat' dir='ltr'><strong>elegiae</strong></span> 
     </span>
     <span class='ocr_line' id='line_1_15' title="bbox 391 1903 1518 1991; baseline -0.002 -21"><span class='ocrx_word' id='word_1_101' title='bbox 391 1904 632 1970; x_wconf 85' lang='lat' dir='ltr'><strong>Alexandrinae</strong></span> <span class='ocrx_word' id='word_1_102' title='bbox 645 1903 764 1970; x_wconf 92' lang='lat' dir='ltr'><strong>deberi.</strong></span> <span class='ocrx_word' id='word_1_103' title='bbox 789 1905 851 1972; x_wconf 85' lang='lat' dir='ltr'><strong>Sed</strong></span> <span class='ocrx_word' id='word_1_104' title='bbox 868 1908 896 1970; x_wconf 90' lang='lat' dir='ltr'><strong>si</strong></span> <span class='ocrx_word' id='word_1_105' title='bbox 911 1905 1098 1991; x_wconf 86' lang='lat' dir='ltr'><strong>diligentius</strong></span> <span class='ocrx_word' id='word_1_106' title='bbox 1112 1907 1273 1991; x_wconf 89' lang='lat' dir='ltr'><strong>inspicies,</strong></span> <span class='ocrx_word' id='word_1_107' title='bbox 1286 1905 1372 1990; x_wconf 86' lang='lat' dir='ltr'><strong>apud</strong></span> <span class='ocrx_word' id='word_1_108' title='bbox 1384 1905 1518 1969; x_wconf 88' lang='lat' dir='ltr'><strong>alterum</strong></span> 
     </span>
     <span class='ocr_line' id='line_1_16' title="bbox 390 2007 1519 2094; baseline -0.002 -22"><span class='ocrx_word' id='word_1_109' title='bbox 390 2007 522 2074; x_wconf 85' lang='lat' dir='ltr'><strong>brevem</strong></span> <span class='ocrx_word' id='word_1_110' title='bbox 535 2010 735 2091; x_wconf 87' lang='lat' dir='ltr'><strong>sententiam,</strong></span> <span class='ocrx_word' id='word_1_111' title='bbox 751 2008 838 2093; x_wconf 86' lang='lat' dir='ltr'><strong>apud</strong></span> <span class='ocrx_word' id='word_1_112' title='bbox 849 2009 985 2074; x_wconf 87' lang='lat' dir='ltr'><strong>alterum</strong></span> <span class='ocrx_word' id='word_1_113' title='bbox 997 2007 1242 2094; x_wconf 85' lang='lat' dir='ltr'><strong>descriptionem</strong></span> <span class='ocrx_word' id='word_1_114' title='bbox 1255 2009 1414 2072; x_wconf 84' lang='lat' dir='ltr'><strong>invenies.</strong></span> <span class='ocrx_word' id='word_1_115' title='bbox 1438 2007 1519 2072; x_wconf 91' lang='lat' dir='ltr'><strong>Pan-</strong></span> 
     </span>
     <span class='ocr_line' id='line_1_17' title="bbox 391 2107 1519 2196; baseline -0.004 -20"><span class='ocrx_word' id='word_1_116' title='bbox 391 2130 485 2196; x_wconf 92' lang='lat' dir='ltr'><strong>peres</strong></span> <span class='ocrx_word' id='word_1_117' title='bbox 514 2114 621 2176; x_wconf 89' lang='lat' dir='ltr'><strong>autem</strong></span> <span class='ocrx_word' id='word_1_118' title='bbox 648 2117 804 2177; x_wconf 87' lang='lat' dir='ltr'><strong>amatores</strong></span> <span class='ocrx_word' id='word_1_119' title='bbox 832 2113 866 2175; x_wconf 92' lang='lat' dir='ltr'><strong>in</strong></span> <span class='ocrx_word' id='word_1_120' title='bbox 892 2111 1211 2194; x_wconf 84' lang='lat' dir='ltr'><strong>declamationibus1)</strong></span> <span class='ocrx_word' id='word_1_121' title='bbox 1238 2111 1406 2176; x_wconf 88' lang='lat' dir='ltr'><strong>rhetorum</strong></span> <span class='ocrx_word' id='word_1_122' title='bbox 1435 2107 1519 2174; x_wconf 85' lang='lat' dir='ltr'><strong>haud</strong></span> 
     </span>
     <span class='ocr_line' id='line_1_18' title="bbox 391 2211 1518 2298; baseline -0.003 -20"><span class='ocrx_word' id='word_1_123' title='bbox 391 2234 464 2278; x_wconf 89' lang='lat' dir='ltr'><strong>raro</strong></span> <span class='ocrx_word' id='word_1_124' title='bbox 480 2214 710 2298; x_wconf 72' lang='lat' dir='ltr'><strong>depinguntum</strong></span> <span class='ocrx_word' id='word_1_125' title='bbox 728 2213 873 2279; x_wconf 88' lang='lat' dir='ltr'><strong>conferas</strong></span> <span class='ocrx_word' id='word_1_126' title='bbox 889 2215 1050 2298; x_wconf 78' lang='lat' dir='ltr'><strong>personati</strong></span> <span class='ocrx_word' id='word_1_127' title='bbox 1066 2213 1255 2292; x_wconf 83' lang='lat' dir='ltr'><strong>Quintiliani</strong></span> <span class='ocrx_word' id='word_1_128' title='bbox 1271 2211 1518 2278; x_wconf 86' lang='lat' dir='ltr'><strong>declamationes</strong></span> 
     </span>
     <span class='ocr_line' id='line_1_19' title="bbox 391 2315 1517 2401; baseline -0.004 -20"><span class='ocrx_word' id='word_1_129' title='bbox 391 2315 474 2381; x_wconf 82' lang='lat' dir='ltr'><strong>XIV</strong></span> <span class='ocrx_word' id='word_1_130' title='bbox 493 2323 525 2382; x_wconf 92' lang='lat' dir='ltr'><strong>et</strong></span> <span class='ocrx_word' id='word_1_131' title='bbox 543 2317 616 2381; x_wconf 85' lang='lat' dir='ltr'><strong>XV.</strong></span> <span class='ocrx_word' id='word_1_132' title='bbox 645 2317 816 2401; x_wconf 78' lang='lat' dir='ltr'><strong>compares</strong></span> <span class='ocrx_word' id='word_1_133' title='bbox 835 2316 932 2382; x_wconf 87' lang='lat' dir='ltr'><strong>velim</strong></span> <span class='ocrx_word' id='word_1_134' title='bbox 950 2317 1015 2382; x_wconf 83' lang='lat' dir='ltr'><strong>XV</strong></span> <span class='ocrx_word' id='word_1_135' title='bbox 1032 2319 1049 2382; x_wconf 80' lang='lat'>7</span> <span class='ocrx_word' id='word_1_136' title='bbox 1071 2319 1111 2401; x_wconf 85' lang='lat' dir='ltr'><strong>(p.</strong></span> <span class='ocrx_word' id='word_1_137' title='bbox 1128 2317 1202 2398; x_wconf 85' lang='lat'>283,</span> <span class='ocrx_word' id='word_1_138' title='bbox 1221 2318 1261 2381; x_wconf 92' lang='grc'><strong>10</strong></span> <span class='ocrx_word' id='word_1_139' title='bbox 1284 2315 1333 2381; x_wconf 89' lang='lat' dir='ltr'><strong>ed.</strong></span> <span class='ocrx_word' id='word_1_140' title='bbox 1350 2315 1517 2392; x_wconf 80' lang='lat' dir='ltr'><strong>Lehuertt:</strong></span> 
     </span>
     <span class='ocr_line' id='line_1_20' title="bbox 390 2416 1519 2504; baseline -0.002 -21"><span class='ocrx_word' id='word_1_141' title='bbox 390 2420 468 2484; x_wconf 79' lang='lat' dir='ltr'><strong>‘non</strong></span> <span class='ocrx_word' id='word_1_142' title='bbox 498 2419 630 2502; x_wconf 90' lang='lat' dir='ltr'><strong>quidem</strong></span> <span class='ocrx_word' id='word_1_143' title='bbox 658 2419 786 2485; x_wconf 85' lang='lat' dir='ltr'><strong>coniers</strong></span> <span class='ocrx_word' id='word_1_144' title='bbox 814 2420 928 2504; x_wconf 83' lang='lat' dir='ltr'><strong>pretia,</strong></span> <span class='ocrx_word' id='word_1_145' title='bbox 957 2439 1023 2484; x_wconf 92' lang='lat' dir='ltr'><strong>non</strong></span> <span class='ocrx_word' id='word_1_146' title='bbox 1051 2420 1159 2503; x_wconf 82' lang='lat' dir='ltr'><strong>stipae,</strong></span> <span class='ocrx_word' id='word_1_147' title='bbox 1189 2419 1247 2484; x_wconf 90' lang='lat' dir='ltr'><strong>sed</strong></span> <span class='ocrx_word' id='word_1_148' title='bbox 1273 2416 1445 2500; x_wconf 72' lang='lat' dir='ltr'><strong>adsides2),</strong></span> <span class='ocrx_word' id='word_1_149' title='bbox 1473 2436 1519 2482; x_wconf 86' lang='lat' dir='ltr'><strong>se·</strong></span> 
     </span>
     <span class='ocr_line' id='line_1_21' title="bbox 390 2521 1518 2607; baseline -0.002 -21"><span class='ocrx_word' id='word_1_150' title='bbox 390 2523 508 2606; x_wconf 83' lang='lat' dir='ltr'><strong>queris,</strong></span> <span class='ocrx_word' id='word_1_151' title='bbox 536 2523 658 2606; x_wconf 87' lang='lat' dir='ltr'><strong>haeres,</strong></span> <span class='ocrx_word' id='word_1_152' title='bbox 686 2525 830 2607; x_wconf 88' lang='lat' dir='ltr'><strong>praestas</strong></span> <span class='ocrx_word' id='word_1_153' title='bbox 854 2524 1050 2606; x_wconf 86' lang='lat' dir='ltr'><strong>comitatum,</strong></span> <span class='ocrx_word' id='word_1_154' title='bbox 1077 2524 1229 2605; x_wconf 77' lang='lat' dir='ltr'><strong>favorem,</strong></span> <span class='ocrx_word' id='word_1_155' title='bbox 1251 2521 1366 2587; x_wconf 92' lang='lat' dir='ltr'><strong>laudas</strong></span> <span class='ocrx_word' id='word_1_156' title='bbox 1390 2521 1518 2604; x_wconf 70' lang='lat' dir='ltr'><strong>ubique</strong></span> 
     </span>
     <span class='ocr_line' id='line_1_22' title="bbox 390 2623 1519 2710; baseline -0.001 -22"><span class='ocrx_word' id='word_1_157' title='bbox 390 2625 525 2689; x_wconf 88' lang='lat' dir='ltr'><strong>miraris.</strong></span> <span class='ocrx_word' id='word_1_158' title='bbox 557 2625 644 2690; x_wconf 86' lang='lat' dir='ltr'><strong>Hinc</strong></span> <span class='ocrx_word' id='word_1_159' title='bbox 663 2645 739 2710; x_wconf 86' lang='lat' dir='ltr'><strong>ergo</strong></span> <span class='ocrx_word' id='word_1_160' title='bbox 762 2627 826 2690; x_wconf 90' lang='lat' dir='ltr'><strong>iam</strong></span> <span class='ocrx_word' id='word_1_161' title='bbox 851 2625 1081 2710; x_wconf 84' lang='lat' dir='ltr'><strong>meretricibus,</strong></span> <span class='ocrx_word' id='word_1_162' title='bbox 1105 2625 1192 2710; x_wconf 91' lang='lat' dir='ltr'><strong>quod</strong></span> <span class='ocrx_word' id='word_1_163' title='bbox 1214 2625 1288 2690; x_wconf 92' lang='lat' dir='ltr'><strong>illae</strong></span> <span class='ocrx_word' id='word_1_164' title='bbox 1311 2624 1395 2708; x_wconf 88' lang='lat' dir='ltr'><strong>(illas</strong></span> <span class='ocrx_word' id='word_1_165' title='bbox 1415 2623 1519 2704; x_wconf 69' lang='lat' dir='ltr'><strong>codd.)</strong></span> 
     </span>
     <span class='ocr_line' id='line_1_23' title="bbox 390 2727 1519 2813; baseline -0.002 -21"><span class='ocrx_word' id='word_1_166' title='bbox 390 2728 489 2792; x_wconf 88' lang='lat' dir='ltr'><strong>etiam</strong></span> <span class='ocrx_word' id='word_1_167' title='bbox 507 2748 665 2812; x_wconf 86' lang='lat' dir='ltr'><strong>pauperes</strong></span> <span class='ocrx_word' id='word_1_168' title='bbox 684 2732 801 2812; x_wconf 68' lang='lat' dir='ltr'><strong>ament·</strong></span> <span class='ocrx_word' id='word_1_169' title='bbox 820 2727 906 2812; x_wconf 89' lang='lat' dir='ltr'><strong>quod</strong></span> <span class='ocrx_word' id='word_1_170' title='bbox 924 2729 1020 2794; x_wconf 88' lang='lat' dir='ltr'><strong>facile</strong></span> <span class='ocrx_word' id='word_1_171' title='bbox 1037 2731 1230 2813; x_wconf 73' lang='lat' dir='ltr'><strong>contingant,</strong></span> <span class='ocrx_word' id='word_1_172' title='bbox 1250 2727 1336 2810; x_wconf 92' lang='lat' dir='ltr'><strong>quod</strong></span> <span class='ocrx_word' id='word_1_173' title='bbox 1355 2727 1519 2792; x_wconf 90' lang='lat' dir='ltr'><strong>laboribus</strong></span> 
     </span>
     <span class='ocr_line' id='line_1_24' title="bbox 391 2829 1519 2916; baseline -0.001 -22"><span class='ocrx_word' id='word_1_174' title='bbox 391 2834 568 2896; x_wconf 88' lang='lat' dir='ltr'><strong>exorentur</strong></span> <span class='ocrx_word' id='word_1_175' title='bbox 580 2831 785 2897; x_wconf 87' lang='lat' dir='ltr'><strong>adeuntium:</strong></span> <span class='ocrx_word' id='word_1_176' title='bbox 801 2833 898 2898; x_wconf 87' lang='lat' dir='ltr'><strong>faciet</strong></span> <span class='ocrx_word' id='word_1_177' title='bbox 911 2833 1022 2916; x_wconf 82' lang='lat' dir='ltr'><strong>(iacies</strong></span> <span class='ocrx_word' id='word_1_178' title='bbox 1034 2830 1138 2915; x_wconf 83' lang='lat' dir='ltr'><strong>codd.)</strong></span> <span class='ocrx_word' id='word_1_179' title='bbox 1150 2831 1202 2896; x_wconf 90' lang='lat' dir='ltr'><strong>hic</strong></span> <span class='ocrx_word' id='word_1_180' title='bbox 1214 2837 1343 2912; x_wconf 86' lang='lat' dir='ltr'><strong>amator,</strong></span> <span class='ocrx_word' id='word_1_181' title='bbox 1355 2833 1393 2894; x_wconf 91' lang='lat' dir='ltr'><strong>ut</strong></span> <span class='ocrx_word' id='word_1_182' title='bbox 1405 2829 1519 2894; x_wconf 87' lang='lat' dir='ltr'><strong>divites</strong></span> 
     </span>
     <span class='ocr_line' id='line_1_25' title="bbox 389 2933 1517 3019; baseline -0.002 -23"><span class='ocrx_word' id='word_1_183' title='bbox 389 2935 508 2998; x_wconf 88' lang='lat' dir='ltr'><strong>ament&#39;</strong></span> <span class='ocrx_word' id='word_1_184' title='bbox 516 2936 550 3015; x_wconf 83' lang='lat'><strong>³).</strong></span> <span class='ocrx_word' id='word_1_185' title='bbox 576 2933 748 3019; x_wconf 85' lang='lat' dir='ltr'><strong>Oomperes</strong></span> <span class='ocrx_word' id='word_1_186' title='bbox 765 2935 862 2999; x_wconf 90' lang='lat' dir='ltr'><strong>velim</strong></span> <span class='ocrx_word' id='word_1_187' title='bbox 879 2955 952 3000; x_wconf 93' lang='lat' dir='ltr'><strong>cum</strong></span> <span class='ocrx_word' id='word_1_188' title='bbox 972 2935 1023 2999; x_wconf 87' lang='lat' dir='ltr'><strong>hie</strong></span> <span class='ocrx_word' id='word_1_189' title='bbox 1038 2933 1156 2999; x_wconf 77' lang='lat' dir='ltr'><strong>Tibulli</strong></span> <span class='ocrx_word' id='word_1_190' title='bbox 1173 2951 1288 3000; x_wconf 88' lang='lat' dir='ltr'><strong>versus</strong></span> <span class='ocrx_word' id='word_1_191' title='bbox 1306 2933 1369 3016; x_wconf 84' lang='lat'><strong>15,</strong></span> <span class='ocrx_word' id='word_1_192' title='bbox 1386 2934 1517 3016; x_wconf 84' lang='lat' dir='ltr'><strong>blsqq.:</strong></span> 
     </span>
    </p>
   </div>
   <div class='ocr_carea' id='block_1_6' title="bbox 519 3053 1402 3655">
    <p class='ocr_par' dir='ltr' id='par_1_8' title="bbox 520 3053 1402 3224">
     <span class='ocr_line' id='line_1_26' title="bbox 520 3053 1402 3139; baseline 0.001 -22"><span class='ocrx_word' id='word_1_193' title='bbox 520 3053 649 3137; x_wconf 86' lang='lat' dir='ltr'><strong>Pauper</strong></span> <span class='ocrx_word' id='word_1_194' title='bbox 671 3055 733 3119; x_wconf 91' lang='lat' dir='ltr'><strong>erit</strong></span> <span class='ocrx_word' id='word_1_195' title='bbox 755 3059 882 3139; x_wconf 90' lang='lat' dir='ltr'><strong>praesto</strong></span> <span class='ocrx_word' id='word_1_196' title='bbox 906 3073 1034 3138; x_wconf 91' lang='lat' dir='ltr'><strong>semper</strong></span> <span class='ocrx_word' id='word_1_197' title='bbox 1056 3053 1130 3118; x_wconf 91' lang='lat' dir='ltr'><strong>tibi:</strong></span> <span class='ocrx_word' id='word_1_198' title='bbox 1155 3073 1277 3139; x_wconf 87' lang='lat' dir='ltr'><strong>pauper</strong></span> <span class='ocrx_word' id='word_1_199' title='bbox 1299 3053 1402 3118; x_wconf 87' lang='lat' dir='ltr'><strong>adibit</strong></span> 
     </span>
     <span class='ocr_line' id='line_1_27' title="bbox 573 3155 1281 3224; baseline 0.003 -4"><span class='ocrx_word' id='word_1_200' title='bbox 573 3155 702 3221; x_wconf 89' lang='lat' dir='ltr'><strong>Primus</strong></span> <span class='ocrx_word' id='word_1_201' title='bbox 725 3163 758 3222; x_wconf 91' lang='lat' dir='ltr'><strong>et</strong></span> <span class='ocrx_word' id='word_1_202' title='bbox 780 3159 815 3221; x_wconf 93' lang='lat' dir='ltr'><strong>in</strong></span> <span class='ocrx_word' id='word_1_203' title='bbox 837 3159 947 3223; x_wconf 89' lang='lat' dir='ltr'><strong>tenero</strong></span> <span class='ocrx_word' id='word_1_204' title='bbox 970 3157 1060 3222; x_wconf 85' lang='lat' dir='ltr'><strong>fixus</strong></span> <span class='ocrx_word' id='word_1_205' title='bbox 1083 3160 1145 3224; x_wconf 90' lang='lat' dir='ltr'><strong>erit</strong></span> <span class='ocrx_word' id='word_1_206' title='bbox 1165 3158 1281 3223; x_wconf 90' lang='lat' dir='ltr'><strong>latere:</strong></span> 
     </span>
    </p>

    <p class='ocr_par' dir='ltr' id='par_1_9' title="bbox 519 3259 1393 3447">
     <span class='ocr_line' id='line_1_28' title="bbox 519 3259 1393 3345; baseline 0.002 -22"><span class='ocrx_word' id='word_1_207' title='bbox 519 3259 648 3343; x_wconf 88' lang='lat' dir='ltr'><strong>Pauper</strong></span> <span class='ocrx_word' id='word_1_208' title='bbox 670 3261 704 3323; x_wconf 91' lang='lat' dir='ltr'><strong>in</strong></span> <span class='ocrx_word' id='word_1_209' title='bbox 728 3265 864 3345; x_wconf 82' lang='lat' dir='ltr'><strong>angusto</strong></span> <span class='ocrx_word' id='word_1_210' title='bbox 888 3261 975 3325; x_wconf 86' lang='lat' dir='ltr'><strong>fidus</strong></span> <span class='ocrx_word' id='word_1_211' title='bbox 999 3280 1107 3326; x_wconf 91' lang='lat' dir='ltr'><strong>comes</strong></span> <span class='ocrx_word' id='word_1_212' title='bbox 1129 3261 1256 3345; x_wconf 82' lang='lat' dir='ltr'><strong>agmine</strong></span> <span class='ocrx_word' id='word_1_213' title='bbox 1279 3259 1393 3326; x_wconf 87' lang='lat' dir='ltr'><strong>turbae</strong></span> 
     </span>
     <span class='ocr_line' id='line_1_29' title="bbox 573 3361 1255 3447; baseline 0.003 -21"><span class='ocrx_word' id='word_1_214' title='bbox 573 3361 783 3445; x_wconf 84' lang='lat' dir='ltr'><strong>Subicietque</strong></span> <span class='ocrx_word' id='word_1_215' title='bbox 805 3383 920 3432; x_wconf 87' lang='lat' dir='ltr'><strong>manns</strong></span> <span class='ocrx_word' id='word_1_216' title='bbox 944 3363 1131 3447; x_wconf 86' lang='lat' dir='ltr'><strong>efficietque</strong></span> <span class='ocrx_word' id='word_1_217' title='bbox 1154 3365 1255 3428; x_wconf 85' lang='lat' dir='ltr'><strong>viam:</strong></span> 
     </span>
    </p>

    <p class='ocr_par' dir='ltr' id='par_1_10' title="bbox 520 3465 1319 3655">
     <span class='ocr_line' id='line_1_30' title="bbox 520 3465 1319 3549; baseline 0.003 -20"><span class='ocrx_word' id='word_1_218' title='bbox 520 3465 648 3549; x_wconf 89' lang='lat' dir='ltr'><strong>Pauper</strong></span> <span class='ocrx_word' id='word_1_219' title='bbox 670 3465 711 3532; x_wconf 85' lang='lat' dir='ltr'><strong>ad</strong></span> <span class='ocrx_word' id='word_1_220' title='bbox 735 3468 879 3534; x_wconf 91' lang='lat' dir='ltr'><strong>occultos</strong></span> <span class='ocrx_word' id='word_1_221' title='bbox 902 3469 1014 3533; x_wconf 86' lang='lat' dir='ltr'><strong>furtim</strong></span> <span class='ocrx_word' id='word_1_222' title='bbox 1038 3466 1177 3534; x_wconf 90' lang='lat' dir='ltr'><strong>deducet</strong></span> <span class='ocrx_word' id='word_1_223' title='bbox 1199 3467 1319 3532; x_wconf 89' lang='lat' dir='ltr'><strong>amicos</strong></span> 
     </span>
     <span class='ocr_line' id='line_1_31' title="bbox 573 3567 1310 3655; baseline 0.004 -25"><span class='ocrx_word' id='word_1_224' title='bbox 573 3568 752 3652; x_wconf 86' lang='lat' dir='ltr'><strong>Vinclaque</strong></span> <span class='ocrx_word' id='word_1_225' title='bbox 776 3571 816 3636; x_wconf 94' lang='lat' dir='ltr'><strong>de</strong></span> <span class='ocrx_word' id='word_1_226' title='bbox 839 3571 933 3635; x_wconf 87' lang='lat' dir='ltr'><strong>niveo</strong></span> <span class='ocrx_word' id='word_1_227' title='bbox 957 3569 1104 3636; x_wconf 87' lang='lat' dir='ltr'><strong>detrahet</strong></span> <span class='ocrx_word' id='word_1_228' title='bbox 1127 3571 1196 3655; x_wconf 93' lang='lat' dir='ltr'><strong>ipse</strong></span> <span class='ocrx_word' id='word_1_229' title='bbox 1218 3567 1310 3654; x_wconf 91' lang='lat' dir='ltr'><strong>pede.</strong></span> 
     </span>
    </p>
   </div>
   <div class='ocr_carea' id='block_1_7' title="bbox 387 3703 1520 4370">
    <p class='ocr_par' dir='ltr' id='par_1_11' title="bbox 387 3703 1520 4034">
     <span class='ocr_line' id='line_1_32' title="bbox 482 3703 1519 3776; baseline 0 -16"><span class='ocrx_word' id='word_1_230' title='bbox 482 3705 502 3776; x_wconf 91' lang='lat'><strong>¹)</strong></span> <span class='ocrx_word' id='word_1_231' title='bbox 521 3703 592 3760; x_wconf 89' lang='lat' dir='ltr'><strong>Cum</strong></span> <span class='ocrx_word' id='word_1_232' title='bbox 615 3705 851 3776; x_wconf 83' lang='lat' dir='ltr'><strong>descriptionibus</strong></span> <span class='ocrx_word' id='word_1_233' title='bbox 874 3707 949 3762; x_wconf 86' lang='lat' dir='ltr'><strong>ritae</strong></span> <span class='ocrx_word' id='word_1_234' title='bbox 973 3705 1150 3762; x_wconf 86' lang='lat' dir='ltr'><strong>meretriciae</strong></span> <span class='ocrx_word' id='word_1_235' title='bbox 1173 3705 1202 3761; x_wconf 92' lang='lat' dir='ltr'><strong>in</strong></span> <span class='ocrx_word' id='word_1_236' title='bbox 1225 3705 1373 3761; x_wconf 80' lang='lat' dir='ltr'><strong>comoedia</strong></span> <span class='ocrx_word' id='word_1_237' title='bbox 1398 3705 1519 3775; x_wconf 88' lang='lat' dir='ltr'><strong>primum</strong></span> 
     </span>
     <span class='ocr_line' id='line_1_33' title="bbox 390 3789 1520 3862; baseline 0.002 -19"><span class='ocrx_word' id='word_1_238' title='bbox 390 3793 527 3858; x_wconf 89' lang='lat' dir='ltr'><strong>apparent</strong></span> <span class='ocrx_word' id='word_1_239' title='bbox 540 3805 679 3859; x_wconf 84' lang='lat' dir='ltr'><strong>pauperes</strong></span> <span class='ocrx_word' id='word_1_240' title='bbox 691 3795 841 3859; x_wconf 84' lang='lat' dir='ltr'><strong>amatores,</strong></span> <span class='ocrx_word' id='word_1_241' title='bbox 852 3791 902 3846; x_wconf 79' lang='lat' dir='ltr'><strong>sed</strong></span> <span class='ocrx_word' id='word_1_242' title='bbox 913 3807 980 3862; x_wconf 78' lang='lat' dir='ltr'><strong>non,</strong></span> <span class='ocrx_word' id='word_1_243' title='bbox 993 3791 1162 3862; x_wconf 80' lang='lat' dir='ltr'><strong>ubicumque</strong></span> <span class='ocrx_word' id='word_1_244' title='bbox 1175 3805 1281 3861; x_wconf 88' lang='lat' dir='ltr'><strong>pauper</strong></span> <span class='ocrx_word' id='word_1_245' title='bbox 1292 3793 1406 3846; x_wconf 83' lang='lat' dir='ltr'><strong>amator</strong></span> <span class='ocrx_word' id='word_1_246' title='bbox 1415 3789 1520 3846; x_wconf 82' lang='lat' dir='ltr'><strong>descri-</strong></span> 
     </span>
     <span class='ocr_line' id='line_1_34' title="bbox 388 3873 1520 3948; baseline 0.004 -19"><span class='ocrx_word' id='word_1_247' title='bbox 388 3873 472 3944; x_wconf 87' lang='lat' dir='ltr'><strong>bitur,</strong></span> <span class='ocrx_word' id='word_1_248' title='bbox 497 3875 672 3932; x_wconf 85' lang='lat' dir='ltr'><strong>comoediam</strong></span> <span class='ocrx_word' id='word_1_249' title='bbox 695 3879 740 3933; x_wconf 85' lang='lat' dir='ltr'><strong>vel</strong></span> <span class='ocrx_word' id='word_1_250' title='bbox 764 3877 882 3948; x_wconf 76' lang='lat' dir='ltr'><strong>elegiam</strong></span> <span class='ocrx_word' id='word_1_251' title='bbox 901 3877 1120 3934; x_wconf 85' lang='lat' dir='ltr'><strong>Alexandrinam</strong></span> <span class='ocrx_word' id='word_1_252' title='bbox 1138 3877 1293 3934; x_wconf 81' lang='lat' dir='ltr'><strong>adhibitam</strong></span> <span class='ocrx_word' id='word_1_253' title='bbox 1311 3893 1376 3934; x_wconf 79' lang='lat' dir='ltr'><strong>ease</strong></span> <span class='ocrx_word' id='word_1_254' title='bbox 1399 3877 1520 3934; x_wconf 84' lang='lat' dir='ltr'><strong>dicimus</strong></span> 
     </span>
     <span class='ocr_line' id='line_1_35' title="bbox 387 3958 1075 4034; baseline 0.006 -20"><span class='ocrx_word' id='word_1_255' title='bbox 387 3958 432 4028; x_wconf 86' lang='lat' dir='ltr'><strong>(ci.</strong></span> <span class='ocrx_word' id='word_1_256' title='bbox 451 3959 516 4026; x_wconf 87' lang='lat' dir='ltr'><strong>Leo,</strong></span> <span class='ocrx_word' id='word_1_257' title='bbox 536 3960 727 4016; x_wconf 88' lang='lat' dir='ltr'><strong>Plautinische</strong></span> <span class='ocrx_word' id='word_1_258' title='bbox 745 3962 945 4032; x_wconf 72' lang='lat' dir='ltr'><strong>Forschungen</strong></span> <span class='ocrx_word' id='word_1_259' title='bbox 963 3979 989 4034; x_wconf 92' lang='lat' dir='ltr'><strong>p.</strong></span> <span class='ocrx_word' id='word_1_260' title='bbox 1005 3963 1075 4034; x_wconf 84' lang='lat'>136).</span> 
     </span>
    </p>

    <p class='ocr_par' dir='ltr' id='par_1_12' title="bbox 389 4045 1519 4202">
     <span class='ocr_line' id='line_1_36' title="bbox 481 4045 1519 4118; baseline 0.003 -19"><span class='ocrx_word' id='word_1_261' title='bbox 481 4045 502 4114; x_wconf 86' lang='lat'><strong>¹)</strong></span> <span class='ocrx_word' id='word_1_262' title='bbox 520 4045 634 4101; x_wconf 90' lang='lat' dir='ltr'><strong>Scilicet</strong></span> <span class='ocrx_word' id='word_1_263' title='bbox 650 4047 817 4116; x_wconf 72' lang='lat' dir='ltr'><strong>aegrotanti.</strong></span> <span class='ocrx_word' id='word_1_264' title='bbox 837 4047 877 4102; x_wconf 86' lang='lat' dir='ltr'><strong>Ci.</strong></span> <span class='ocrx_word' id='word_1_265' title='bbox 891 4047 1003 4104; x_wconf 85' lang='lat' dir='ltr'><strong>deloco</strong></span> <span class='ocrx_word' id='word_1_266' title='bbox 1021 4047 1102 4118; x_wconf 84' lang='lat' dir='ltr'><strong>quasi</strong></span> <span class='ocrx_word' id='word_1_267' title='bbox 1115 4045 1257 4103; x_wconf 88' lang='lat' dir='ltr'><strong>communi</strong></span> <span class='ocrx_word' id='word_1_268' title='bbox 1270 4045 1413 4104; x_wconf 80' lang='lat' dir='ltr'><strong>Tibullum</strong></span> <span class='ocrx_word' id='word_1_269' title='bbox 1432 4047 1483 4116; x_wconf 79' lang='lat'><strong>15,</strong></span> <span class='ocrx_word' id='word_1_270' title='bbox 1495 4049 1519 4111; x_wconf 82' lang='grc'><strong>9,</strong></span> 
     </span>
     <span class='ocr_line' id='line_1_37' title="bbox 389 4125 1356 4202; baseline 0.006 -22"><span class='ocrx_word' id='word_1_271' title='bbox 389 4125 565 4197; x_wconf 88' lang='lat' dir='ltr'><strong>Propertium</strong></span> <span class='ocrx_word' id='word_1_272' title='bbox 584 4129 645 4197; x_wconf 85' lang='lat'>119,</span> <span class='ocrx_word' id='word_1_273' title='bbox 658 4131 774 4200; x_wconf 70' lang='lat' dir='ltr'><strong>ert-28,</strong></span> <span class='ocrx_word' id='word_1_274' title='bbox 794 4131 924 4188; x_wconf 83' lang='lat' dir='ltr'><strong>Ovidium</strong></span> <span class='ocrx_word' id='word_1_275' title='bbox 942 4131 1017 4188; x_wconf 81' lang='lat' dir='ltr'><strong>hrtie</strong></span> <span class='ocrx_word' id='word_1_276' title='bbox 1036 4131 1197 4188; x_wconf 77' lang='lat' dir='ltr'><strong>Amatoriae</strong></span> <span class='ocrx_word' id='word_1_277' title='bbox 1215 4131 1356 4202; x_wconf 67' lang='lat' dir='ltr'><strong>heleno.</strong></span> 
     </span>
    </p>

    <p class='ocr_par' dir='ltr' id='par_1_13' title="bbox 389 4211 1520 4370">
     <span class='ocr_line' id='line_1_38' title="bbox 480 4211 1520 4286; baseline 0.008 -20"><span class='ocrx_word' id='word_1_278' title='bbox 480 4211 503 4281; x_wconf 84' lang='lat'><strong>⁸)</strong></span> <span class='ocrx_word' id='word_1_279' title='bbox 522 4211 562 4266; x_wconf 76' lang='lat' dir='ltr'><strong>Cf.</strong></span> <span class='ocrx_word' id='word_1_280' title='bbox 581 4213 843 4286; x_wconf 82' lang='lat' dir='ltr'><strong>Reitzensteinium‚</strong></span> <span class='ocrx_word' id='word_1_281' title='bbox 867 4215 986 4272; x_wconf 90' lang='lat' dir='ltr'><strong>Studien</strong></span> <span class='ocrx_word' id='word_1_282' title='bbox 1009 4233 1044 4272; x_wconf 86' lang='lat' dir='ltr'><strong>au</strong></span> <span class='ocrx_word' id='word_1_283' title='bbox 1063 4214 1235 4286; x_wconf 76' lang='lat' dir='ltr'><strong>Quintiliane</strong></span> <span class='ocrx_word' id='word_1_284' title='bbox 1257 4215 1399 4286; x_wconf 73' lang='lat' dir='ltr'><strong>grdhereu</strong></span> <span class='ocrx_word' id='word_1_285' title='bbox 1419 4215 1520 4274; x_wconf 82' lang='lat' dir='ltr'><strong>Dekla·</strong></span> 
     </span>
     <span class='ocr_line' id='line_1_39' title="bbox 389 4293 917 4370; baseline 0.013 -22"><span class='ocrx_word' id='word_1_286' title='bbox 389 4293 543 4365; x_wconf 87' lang='lat' dir='ltr'><strong>mationen,</strong></span> <span class='ocrx_word' id='word_1_287' title='bbox 563 4295 717 4369; x_wconf 73' lang='lat' dir='ltr'><strong>Strahburg</strong></span> <span class='ocrx_word' id='word_1_288' title='bbox 736 4299 814 4370; x_wconf 88' lang='lat'><strong>1909,</strong></span> <span class='ocrx_word' id='word_1_289' title='bbox 833 4316 859 4370; x_wconf 93' lang='lat' dir='ltr'><strong>p.</strong></span> <span class='ocrx_word' id='word_1_290' title='bbox 874 4299 917 4357; x_wconf 90' lang='grc'><strong>60.</strong></span> 
     </span>
    </p>
   </div>
   <div class='ocr_carea' id='block_1_8' title="bbox 0 0 1628 4910">
    <p class='ocr_par' dir='ltr' id='par_1_14' title="bbox 0 0 1628 4910">
     <span class='ocr_line' id='line_1_40' title="bbox 0 0 1628 4910; baseline 0 0"><span class='ocrx_word' id='word_1_291' title='bbox 0 0 1628 4910; x_wconf 95' lang='lat' dir='ltr'><strong> </strong></span> 
     </span>
    </p>
   </div>
  </div>
 </body>
</html>
