2872 4822
211 354 401 424 Quaestiones
421 354 536 410 criticae
556 355 585 409 in
604 355 804 425 Aristophanis
822 355 942 412 tabulas.
1080 352 1144 415 223

4 574 6 578 s
114 528 153 591 ld
166 549 191 591 r.
203 529 268 590 456
287 529 564 606 παραλειπομένην
579 524 634 591 ὑπ’
649 529 726 606 ἐμῆε
742 532 866 608 φρενὸς
881 530 1034 595 ἀξυνέτου
1047 531 1145 594 schol.

55 646 94 692 rec.
106 631 271 695 adnotavit:
296 630 332 693 ἔν
354 651 409 694 τιτι
433 633 469 693 δὲ
494 630 533 693 οὐ
557 634 651 694 κεῖται
674 633 711 695 τὸ
730 633 859 709 φρενόε.
890 631 983 708 Quod
999 633 1146 697 substan-

54 731 123 796 tivum
135 733 288 816 quomodo
306 752 323 796 e
339 736 493 796 contextu
511 733 650 796 eiectum
673 733 722 813 sit,
746 733 853 796 statim
870 734 1050 799 videbimus
1076 755 1146 799 ver·

53 851 100 898 sun
111 838 366 920 antistrophicum
384 840 448 900 544
465 835 715 901 considerantes,
746 836 808 913 Qui
824 837 922 920 vulgo
939 840 986 902 sic
1010 839 1147 903 traditus

54 946 94 1000 at:
116 943 143 1004 τὺ
165 942 200 1004 δέ
223 961 276 1017 μοι
300 942 378 1003 κατὰ
407 941 542 1016 δαίμονα
570 941 621 1002 καὶ
646 941 816 1017 ευντυχίαν.
853 940 1022 1004 Corrector
1049 942 1148 1023 igitur

52 1043 164 1106 treticus
186 1042 446 1106 animadvertens
469 1059 599 1109 versum
624 1042 690 1104 456
714 1043 762 1105 sio
786 1043 932 1107 exhiberi
956 1047 1147 1122 παραλειπο-

53 1145 117 1222 μένην
130 1146 176 1209 ὑπ’
192 1147 268 1223 ἐμῆ(
285 1146 407 1224 φρενὸε
428 1145 589 1225 ἀξυνέτου,
613 1150 734 1207 temere
750 1164 860 1208 vocem
879 1148 1000 1226 φρενὸς
1019 1146 1147 1229 delevit,

53 1254 76 1307 ut
85 1265 174 1311 vorsus
187 1254 298 1311 noster
310 1247 440 1311 eosdem
453 1265 606 1310 numeros
618 1247 751 1310 haberet
763 1268 843 1329 quos
854 1269 881 1311 ν.
896 1251 969 1312 544.
987 1249 1056 1326 Qua
1069 1268 1148 1313 voce

53 1345 125 1412 deleta
138 1370 205 1413 cum
224 1369 339 1413 versus
355 1350 443 1412 omni
459 1369 556 1413 sensu
572 1369 705 1432 prorsus
721 1355 837 1433 careat
858 1352 1024 1416 Bentleius
1040 1354 1148 1435 potius

52 1448 75 1510 iu
88 1470 109 1513 ι.
122 1455 176 1515 544
196 1453 352 1516 mendum
371 1452 469 1515 latere
489 1453 672 1535 suspicatus
690 1472 869 1535 pronomen
888 1476 957 1519 τινα
973 1459 1006 1518 et
1020 1461 1148 1519 senten-

53 1555 97 1619 tiae
108 1566 131 1622 et
143 1562 282 1623 numeris
303 1559 634 1623 accomodatissimum
656 1565 728 1643 post
745 1561 795 1622 καὶ
811 1559 920 1622 versui
939 1557 986 1620 illi
1002 1558 1147 1621 inseruit.

116 1662 181 1725 htv.
190 1664 255 1727 566
269 1665 310 1740 ἢν
324 1667 359 1726 δὲ
368 1663 546 1727 Ποεειδῶνί
557 1684 600 1728 τιε
613 1660 662 1728 οἶν
675 1666 735 1746 θύῃ
748 1659 862 1727 RVolv
874 1661 1037 1744 praebent,
1050 1661 1148 1725 schol·

56 1758 203 1844 lrptperur
212 1767 389 1830 Ποεειδῶνι
403 1769 483 1843 βοῦν
496 1787 540 1830 nc
553 1768 620 1850 θύῃ.
634 1766 820 1830 Genuinum
832 1785 902 1830 esse
912 1765 1149 1828 substantivum

57 1857 89 1924 οῑν
105 1867 154 1930 ium
169 1869 354 1932 Brunclrius
378 1869 503 1947 statuit3
529 1869 622 1931 cuius
647 1868 745 1931 verba
762 1867 837 1930 ride
857 1868 889 1929 in
912 1866 1075 1948 Blaydesii
1094 1866 1149 1929 ad·

57 1971 141 2032 noted
158 1971 184 2036 h.
204 1993 233 2035 r.
264 1971 376 2036 Lectio
396 1976 501 2034 autem
523 1974 603 2049 βοῦν
623 1972 669 2035 sio
689 1977 757 2035 orta
776 1970 912 2051 videtur,
935 1975 972 2033 ut
991 1965 1039 2034 οῐν
1058 1971 1092 2032 in
1111 1969 1150 2035 ὗν

58 2065 84 2145 (Β
98 2071 160 2155 lld.)
180 2075 298 2151 abiret3
325 2094 388 2156 quo
411 2074 497 2138 facto
515 2075 749 2155 grammaticum
774 2074 915 2156 quinon
935 2079 1003 2137 erat
1021 2075 1150 2137 nescius

58 2168 138 2238 horem
148 2198 210 2241 osse
225 2180 388 2241 victimam
402 2176 553 2260 Neptuno
567 2179 711 2240 omnium
723 2177 935 2260 gratissimum
951 2176 1003 2256 (of.
1013 2175 1150 2258 Steugel,

59 2270 147 2342 Grieoh.
160 2281 494 2360 Kultusaltertumen,
518 2300 547 2363 p.
567 2281 650 2360 108),
672 2285 741 2359 (βο
756 2287 774 2354 >
789 2283 829 2344 ὒν
854 2280 1066 2362 interpolavit

120 2380 149 2444 ln
163 2405 188 2446 τ.
206 2386 270 2446 645
296 2385 456 2465 scriptura
473 2383 530 2446 RV
548 2389 596 2447 est
613 2384 769 2461 Κριῶθεν;
794 2383 914 2446 scholia
934 2383 992 2447 RV
1009 2383 1151 2446 animad-

60 2485 341 2566 παραγράφεται
366 2489 414 2550 καὶ
439 2487 583 2564 Θρίηθεν.
615 2486 697 2550 Cum
720 2485 895 2566 hlainelrio,
919 2485 1057 2566 Koolrio,
1081 2486 1151 2548 aliis

61 2576 158 2654 Κθιῑιθεν
178 2591 290 2672 utique
315 2589 508 2652 servandum
531 2595 587 2653 est
612 2588 694 2651 Nam
718 2587 787 2650 ludi
809 2608 905 2651 causa
920 2588 1152 2671 Aristophanes

62 2681 131 2750 ut'tur
148 2692 202 2756 hoc
220 2691 376 2756 vocabulo
396 2693 430 2753 in
448 2691 527 2753 duas
544 2710 595 2754 res
612 2690 763 2773 Euelpidi
781 2711 855 2754 cum
872 2697 948 2774 κριῷ
966 2710 1152 2754 communes

61 2779 143 2874 ῑθιιιυ,
162 2797 304 2859 animum
328 2795 399 2858 dico
424 2795 629 2875 imbecillum,
655 2794 710 2876 qui
727 2814 768 2858 ex
785 2796 888 2876 prima
903 2794 1031 2858 tabulae
1055 2800 1152 2876 parte,

63 2894 84 2948 tl
98 2892 235 2983 lascivum,
261 2901 318 2983 qui
342 2919 383 2965 ex
404 2919 464 2963 vss.
483 2900 659 2962 668-669
685 2897 747 2976 ἆρά
765 2898 794 2973 γ’
811 2895 888 2963 οἶεθ’
906 2899 953 2962 ὅτι
976 2899 980 2982 l
1002 2900 1064 2973 ἐγὼ
1089 2901 1153 2960 δια-

63 3002 172 3081 ltllitorp’
188 3007 226 3070 dv
255 3006 354 3083 αὐτὴν
382 2987 518 3082 littore}
536 3004 612 3067 satis
641 3006 772 3067 constat.
798 3004 894 3066 Varia
923 3010 1030 3066 autem
1057 3003 1153 3067 lectio

62 3090 153 3178 θθίηθεν
175 3112 203 3190 (a
227 3107 458 3172 Rutheriordio
482 3108 516 3169 in
541 3107 676 3185 Θριῆθεν
700 3110 832 3187 mutata)
861 3107 1076 3189 explicatione
1100 3105 1154 3168 ad-

63 3192 115 3266 lllt:
137 3215 178 3274 καὶ
205 3212 266 3274 ἔετι
293 3214 393 3287 δῆμοε
420 3214 476 3287 τῆε
505 3210 652 3286 Οἰνηίδοε
680 3207 858 3272 doctrinam
888 3208 1010 3273 redolet
1032 3207 1155 3271 indocti

61 3314 225 3395 grammatici,
244 3314 301 3394 qui
316 3313 461 3388 θριῶθεν
475 3313 619 3376 Atticum
636 3330 706 3375 esse
722 3312 862 3374 nescivit
876 3312 928 3392 (ct.
942 3310 1155 3375 Meisterhans

61 3416 80 3478 l·
92 3410 143 3496 tlt,
161 3419 191 3496 3)
214 3434 341 3496 suoque
360 3415 463 3478 Marte
487 3414 526 3477 ad
547 3414 732 3496 exemplum
751 3413 925 3476 formarum
945 3413 1055 3496 quales
1073 3414 1156 3490 Περ-

60 3516 159 3590 ῐῦιῆθεν
180 3520 271 3599 aliae,
297 3519 436 3596 Θριῆθεν
459 3517 565 3580 finxit.

120 3620 180 3687 l'ss.
199 3624 421 3687 1091-1092
440 3621 536 3703 vulgo
553 3623 600 3684 sic
625 3621 791 3702 leguntur:
817 3619 888 3682 odh’
905 3619 946 3682 αὖ
971 3621 1069 3696 θερμή
1090 3621 1157 3683 πνί-

59 3726 109 3783 tou<
126 3725 199 3802 ἡμιὶε
219 3723 224 3811 Ι
247 3726 332 3789 ἀντὶ(
355 3725 511 3802 τηθαυγήε
535 3724 653 3802 θάλπει,
677 3723 741 3784 nisi
757 3720 844 3804 quod
859 3721 1000 3795 πνίγουε’
1017 3723 1097 3799 hadr
1122 3721 1156 3784 in

58 3808 80 3879 Μ
95 3828 232 3894 traditum
248 3847 320 3893 esse
344 3828 422 3911 ipsis
439 3827 542 3890 oculis
558 3826 637 3888 mihi
654 3826 807 3908 persuasi,
832 3844 905 3886 oum
923 3824 1019 3887 huius
1036 3823 1157 3887 codicis

57 3934 206 3996 excutiendi
223 3952 323 3998 causa
335 3930 510 3995 Mediolani
523 3949 678 3992 versarer.
700 3927 827 3992 Scholia
839 3927 896 3990 RV
905 3926 976 3990 Ald.
990 3927 1156 3991 adnotant:

55 4031 108 4095 llic
124 4038 158 4099 τὸ
173 4037 306 4110 πνίγουε
322 4036 402 4098 κατὰ
418 4034 543 4109 γενικήν
561 4052 664 4111 φαειν,
687 4033 743 4095 ἵνα
767 4033 800 4113 ᾖ·
825 4030 903 4093 οὐδὲ
922 4031 941 4106 ἡ
959 4031 1072 4106 θὲρουε
1088 4035 1158 4106 θερ-

55 4134 118 4196 ludu
138 4135 282 4201 ἐπίκειται
305 4137 386 4213 ἡμῖν,
422 4134 599 4199 Scholiasta
622 4134 722 4217 igitur
744 4153 808 4196 non
833 4132 1069 4195 substantivum
1093 4133 1159 4194 πνὶ·

53 4242 113 4317 ῐουτ,
134 4240 189 4304 sed
214 4259 291 4303 cum
308 4238 340 4301 Μ
365 4238 569 4321 participium
585 4236 726 4311 πνίγουε’
749 4235 836 4319 legit.
866 4234 958 4311 Quod
983 4235 1015 4295 in
1033 4239 1159 4296 textum
