3200 4918
318 406 530 476 Quaestiones
550 407 667 463 criticae
685 407 714 462 iu
732 406 930 476 Aristophanis
948 407 1067 462 fabulas.
1230 402 1270 464 31

118 579 270 664 praebent,
302 599 390 644 curn
422 580 463 642 in
492 581 647 662 sequenti
673 597 769 644 versu
798 580 903 643 εἵνεκα
931 578 1129 643 exhibeatur.
1170 577 1272 656 Quam

118 703 229 764 rocem,
254 702 338 747 cum
360 683 513 746 formam
534 681 661 763 οὕνεκα,
685 686 721 746 ut
741 683 786 746 ita
804 681 919 764 dicam,
938 682 1161 764 subsequatur,
1186 688 1272 747 certe

120 787 315 870 grammatici
343 785 404 850 vel
428 786 569 867 librarii,
594 787 621 848 si
646 787 679 849 in
703 805 741 850 ea
765 785 985 866 offendissent,
1008 787 1043 849 in
1063 785 1180 850 olivero
1203 807 1272 850 mu·

121 892 278 954 lavissent.
295 891 429 972 Itaque
443 909 522 955 cum
539 895 573 954 et
589 888 704 954 οὕνεκα
720 895 752 954 et
763 891 868 954 εἵνεκα
879 889 1144 972 inscriptionibus
1157 890 1272 955 Atticis

122 995 171 1058 Vl
187 995 225 1058 V.
240 995 301 1058 IV.
324 1013 419 1060 saec.
443 1014 472 1058 a.
490 993 565 1057 Chr.
586 1013 617 1057 n.
642 993 861 1074 confirmetur,
883 992 962 1056 illud
986 993 1064 1056 mihi
1082 1011 1271 1076 persuasum

125 1104 182 1162 est:
204 1117 318 1181 neque
343 1097 474 1162 obrem
495 1115 606 1178 neque
629 1098 733 1160 εἵνεκα
755 1115 794 1161 ex
813 1095 1036 1180 Aristophanis
1056 1095 1173 1160 fabulis
1196 1099 1272 1162 eici-

128 1201 239 1266 endum
263 1219 352 1282 esse,
379 1199 442 1264 sed
465 1200 508 1264 iis
531 1199 621 1280 lociS,
645 1199 763 1282 quibus
785 1199 845 1264 RV
868 1199 901 1262 in
924 1219 989 1262 una
1011 1199 1150 1265 alterave
1170 1199 1273 1264 forma

130 1303 309 1368 exhibenda
327 1304 555 1384 consentiunt,
575 1321 643 1366 eam
665 1321 746 1384 quae
770 1303 820 1366 his
838 1302 929 1366 libris
948 1302 1120 1367 exhibetur
1137 1303 1272 1367 formam

132 1407 329 1471 retinendam
355 1423 439 1488 esse,
463 1405 530 1468 nisi
555 1405 636 1469 forte
658 1405 801 1469 numeris
825 1405 1020 1470 adversatur.

213 1510 432 1592 Inquiramus
460 1509 566 1591 igitur
592 1509 627 1570 in
650 1507 794 1591 singulos
817 1507 913 1590 loooS,
938 1508 1056 1591 quibus
1080 1514 1112 1572 et
1134 1509 1163 1574 R
1186 1515 1218 1574 et
1242 1510 1271 1570 V

136 1613 180 1676 rel
194 1613 217 1675 ii
234 1615 292 1694 qui
309 1633 371 1696 pro
386 1611 416 1671 V
429 1622 509 1674 sunt
525 1610 654 1675 codices
670 1631 766 1674 unam
779 1611 950 1676 alteramve
962 1611 1096 1675 formam
1109 1614 1271 1696 praebent

137 1715 254 1780 Οὓνεκο
278 1717 324 1778 22
332 1713 370 1755 1⁶⁸
387 1714 545 1778 traditum
565 1732 637 1778 esse
659 1733 755 1798 supra
776 1716 967 1778 monuimus
992 1715 1116 1792 Quibus
1134 1717 1175 1780 22
1193 1717 1272 1782 locis

137 1825 256 1902 praeter
273 1819 339 1883 Nb.
356 1819 433 1898 238,
453 1817 512 1881 ubi
528 1817 673 1882 Bentleio
689 1821 821 1882 auctore
837 1817 917 1882 ἕνεκ’
933 1837 991 1901 pro
1008 1818 1112 1883 οὕνεκ’
1129 1820 1272 1885 scriben-

137 1921 209 1986 dum
229 1929 288 2002 est¹
313 1940 356 1986 ne
378 1941 479 2005 prava
500 1922 663 2004 anapaesti
683 1921 797 1985 incisio
818 1921 877 1984 liat
899 1921 949 2002 (of.
967 1921 1006 1984 ad
1023 1921 1082 1985 Nb.
1101 1923 1142 1986 62
1167 1943 1195 2006 p.
1209 1926 1272 2008 93),

137 2025 212 2089 baec
232 2025 340 2090 forma
363 2025 511 2089 numeris
535 2024 830 2088 accomodatissima
853 2027 902 2088 est
924 2029 957 2087 et
975 2024 1097 2106 ubique
1117 2029 1153 2088 ut
1168 2027 1272 2090 εἵνεκα

137 2129 169 2190 in
190 2129 294 2211 prima
318 2128 445 2210 syllaba
468 2129 572 2192 ictum
596 2129 765 2192 metticum
788 2126 892 2192 babet.
917 2127 1023 2209 Atque
1047 2128 1143 2192 etiam
1166 2131 1271 2193 εἵνεκα

140 2231 176 2293 11
200 2231 288 2313 locis,
314 2231 435 2314 quibus
460 2235 494 2294 et
516 2231 553 2293 in
569 2229 597 2294 R
613 2237 645 2294 et
666 2231 699 2292 in
716 2230 745 2292 V
762 2230 813 2294 vel
836 2231 876 2294 iis
901 2231 956 2313 qui
972 2251 1030 2314 pro
1048 2218 1169 2296 Vsunt
1186 2233 1272 2297 codi-

137 2334 225 2398 cibus
241 2334 426 2415 exhibetur,
451 2337 556 2398 metro
580 2335 710 2397 minime
733 2337 892 2417 repugnat
914 2341 1049 2418 excepto
1067 2334 1126 2418 Vp.
1143 2355 1188 2400 vs.
1206 2336 1271 2400 886

137 2439 246 2502 νέαιον
277 2439 389 2517 ἀρχαῖς
420 2440 529 2502 εἵνεκα
559 2441 625 2501 τῶν
654 2439 927 2516 προλελεγμένων.
963 2437 1035 2515 Quo
1065 2440 1100 2502 in
1128 2441 1271 2504 trimetro

138 2542 270 2606 iambico
293 2543 428 2606 tertium
453 2539 567 2622 pedem
592 2541 720 2619 ἀρχαῑ(
748 2541 853 2605 ἕνεκα
876 2539 1085 2606 scribendum
1110 2561 1180 2608 esse
1208 2545 1271 2607 iam

136 2643 295 2728 Reisigios
318 2646 409 2708 sidit
447 2644 495 2708 Gi.
519 2645 598 2708 alios
626 2647 787 2708 trimetros
811 2644 973 2726 iambicos,
997 2645 1055 2708 ubi
1077 2647 1162 2710 ictus
1186 2649 1271 2711 tertii

137 2748 223 2831 pedis
233 2750 312 2812 item
322 2751 357 2812 in
367 2749 474 2832 prima
483 2747 608 2829 syllaba
617 2748 791 2831 particulae
803 2749 895 2812 ἕνεκα
905 2748 1027 2832 positus
1039 2754 1102 2812 est:
1116 2748 1176 2812 Nb.
1185 2751 1268 2815 1217

136 2851 275 2915 ὅτιτῶν
300 2851 440 2929 ἐμαυτοῦ
466 2851 495 2925 γ’
513 2853 606 2915 ἕνεκα
629 2853 697 2915 νυνὶ
721 2851 899 2932 χρημάτων,
923 2849 970 2914 Pl.
989 2854 1051 2914 177
1069 2853 1218 2931 Φιλέψιος
1241 2853 1270 2918 δ’

137 2953 192 3032 οὐχ
219 2957 314 3019 ἕνεκα
343 2958 401 3018 (οὐ
431 2953 554 3031 μύθου(
582 2955 680 3032 λέγω
709 2953 764 3018 Ec.
790 2951 852 3017 170
877 2953 954 3031 citui
980 2955 1041 3034 γὰρ
1065 2957 1154 3033 ὑμῶν
1178 2957 1271 3021 ἕνεκα

136 3077 183 3133 μοι
206 3059 308 3122 λέξειν
332 3061 432 3134 δοκῶ,
465 3057 529 3120 367
556 3055 649 3122 οὗτοι
672 3057 734 3133 γὰρ
758 3056 839 3136 ἀνὴρ
864 3058 956 3120 ἕνεκά
983 3077 1018 3131 γε
1042 3061 1270 3136 (τεναγμὰτων.

220 3160 402 3243 Pergamus
426 3159 505 3223 adt)
532 3177 588 3223 eos
610 3158 706 3240 locos,
731 3158 849 3241 quibus
873 3159 1002 3224 codices
1025 3161 1060 3222 in
1076 3181 1154 3225 voce
1179 3163 1270 3226 ἕνεκα

136 3263 317 3328 exhibenda
341 3265 427 3327 inter
451 3282 486 3327 se
511 3262 721 3326 dissentiunt:
748 3263 767 3324 2
791 3261 870 3327 locis
893 3261 961 3344 (Rq.
980 3265 1044 3325 544
1068 3269 1101 3328 et
1123 3263 1173 3328 Ls.
1193 3267 1270 3349 491)

134 3365 271 3430 Rsolus
296 3372 411 3431 eontra
436 3371 578 3430 metrum
600 3367 692 3430 ἕνεκα
714 3363 854 3449 praebet,
877 3363 907 3427 V
931 3365 1049 3449 aliique
1074 3367 1198 3432 οὕνεκα.

218 3473 239 3535 3
264 3470 348 3534 locis
372 3471 480 3533 εἵνεκα
496 3475 530 3533 et
550 3470 640 3533 ἕνεκα
664 3467 860 3532 exhibentur
883 3473 979 3552 atque
1003 3470 1047 3533 ita
1070 3470 1211 3552 quidem,
1235 3475 1271 3535 ut

134 3573 166 3636 in
189 3572 250 3637 Nb.
272 3572 341 3636 422
366 3571 396 3636 R
420 3573 526 3650 ἕνεκα,
557 3569 632 3634 ibid.
656 3573 718 3634 511
752 3573 785 3636 et
813 3569 868 3634 Ra.
896 3572 958 3635 189
984 3571 1013 3648 V
1037 3573 1129 3637 ἕνεκα
1159 3579 1271 3638 contra

137 3683 269 3741 metrum
293 3675 459 3760 praebeat,
484 3673 516 3735 V
541 3679 630 3738 recte
653 3675 758 3739 εἵνεκα
785 3675 819 3737 in
843 3673 904 3737 Nb.
920 3675 985 3737 422
1010 3673 1161 3758 idemque
1184 3676 1214 3740 R
1236 3677 1270 3740 in

137 3777 188 3844 Nb.
205 3783 269 3844 511
292 3784 328 3844 et
350 3777 410 3843 Ra.
430 3778 506 3840 189.

215 3885 235 3948 3
259 3883 344 3947 locis
370 3879 493 3944 οὕνεκα
518 3883 551 3941 et
574 3879 676 3944 εἵνεκα
699 3879 925 3944 inveniuntur:
951 3879 1010 3944 Nb.
1029 3882 1093 3945 526
1111 3881 1216 3947 οὕνεκ’
1232 3882 1269 3964 R,

136 3987 218 4052 εἵνεκ’
243 3987 280 4069 V,
313 3983 395 4050 ibid.
421 3983 490 4046 555
523 3979 638 4046 olivero
660 3981 696 4064 R,
727 3984 832 4047 εἵνεκα
855 3983 894 4065 V,
924 3983 979 4048 Pe.
997 3986 1062 4048 744
1091 3983 1209 4049 οὕνεκα
1232 3984 1269 4067 R,

17 4153 26 4182 ι
136 4091 226 4155 εἵνεκα
244 4091 283 4155 V.
308 4089 351 4155 In
378 4085 443 4152 Nb.
465 4083 536 4146 526
559 4085 836 4166 particulanostra
853 4088 1025 4152 coniuncta
1049 4093 1098 4151 est
1121 4107 1195 4152 oum
1218 4107 1269 4152 re·

134 4191 215 4259 latiro
235 4193 302 4274 ὧν,
329 4207 450 4273 neque
478 4204 558 4249 vero
580 4205 636 4270 pro
660 4194 746 4253 corto
767 4189 937 4253 diiudicari
959 4195 1070 4272 potest,
1095 4192 1205 4253 utrum
1221 4189 1269 4254 ὧν

131 4297 209 4364 εἵνεκ’
222 4319 264 4364 an
281 4297 334 4362 ὡν
352 4287 477 4360 οὕνεκ’
494 4289 695 4354 retinendum
711 4289 760 4374 sit,
781 4311 855 4356 cum
872 4297 966 4376 poeta
980 4294 1014 4355 in
1031 4292 1091 4357 bao
1106 4293 1269 4358 locutione
