2978 4814
287 367 478 435 Quaestiones
497 367 611 423 criticae
630 366 659 421 in
679 366 877 437 Aristophanis
896 367 1014 423 tabulas.
1175 364 1216 426 37

82 544 152 606 eius
183 547 264 604 sunt
298 539 414 603 verba:
452 539 728 618 “duorprvoptvoo
755 540 895 623 positum
929 561 948 603 a
981 540 1127 620 librariis
1162 541 1218 622 qui

81 645 263 727 genitivum
295 641 541 706 accomodarent
571 642 678 706 verbis
707 643 837 706 κατόπιν
868 642 1042 721 ἀνθρώπου
1075 645 1217 723 τυφλοῡε

82 748 245 831 adquam
269 745 541 810 constructionem
565 746 646 809 nihil
670 764 785 810 causae
809 752 877 810 erat
900 765 959 809 our
980 745 1102 810 rediret
1127 753 1218 829 poeta

82 852 328 932 orationemque
351 848 536 932 impeditam
555 851 625 913 sine
649 867 745 914 causa
764 847 919 913 redderet.
943 848 1127 913 Admodum
1146 868 1218 933 pro-

84 953 199 1016 babilis
230 952 358 1016 Bentlei
387 954 573 1016 coniectura
602 956 651 1016 est
678 952 937 1029 ἀποκρινόμενος.
969 952 1219 1034 Chremyluma

85 1057 223 1120 Curione
243 1058 475 1139 interrogatum
495 1055 576 1118 nihil
594 1055 798 1140 respondisse
818 1064 950 1139 apparet
969 1076 1009 1121 ex
1031 1077 1058 1119 v.
1078 1058 1127 1119 19.
1145 1057 1218 1119 24”.

173 1160 213 1224 In
242 1179 271 1222 v.
291 1162 353 1223 185
388 1158 441 1239 ἐφ’
464 1158 509 1223 οίς
543 1158 584 1222 ἂν
616 1157 711 1222 οὗτος
742 1158 955 1237 ἐπικαθέζηται
990 1160 1088 1238 μόνος
1124 1159 1219 1224 lectio

84 1264 184 1329 s-V
208 1269 258 1327 cst
281 1264 389 1342 μόνος,
412 1263 441 1327 Β
464 1263 574 1341 μόνον.
601 1261 695 1326 Dind.
712 1260 808 1326 Mein.
825 1262 937 1344 Bergk.
955 1263 1056 1342 μόνον’
1079 1263 1220 1327 retinue-

84 1374 168 1431 runt.
195 1365 290 1442 Quod
313 1366 359 1428 ita
381 1364 511 1429 defendi
536 1371 647 1449 potest
672 1370 708 1428 ut
731 1365 919 1429 adverbium
943 1367 1043 1443 μόνον
1067 1366 1106 1430 ad
1124 1366 1221 1430 verba

87 1471 138 1551 ἐφ’
155 1470 204 1535 olc
229 1469 268 1532 ἂν
285 1506 327 1514 -
346 1468 560 1546 ἐπικαθέζηται
584 1468 749 1533 referatur.
773 1469 881 1550 htque
908 1469 1006 1533 multa
1032 1469 1093 1533 alia
1120 1489 1220 1534 ennu-

85 1577 163 1638 tiuta
193 1574 416 1653 inveniuntur,
447 1573 480 1634 in
509 1571 627 1653 quibus
651 1570 748 1634 simili
776 1591 910 1636 munere
936 1572 1084 1656 iungitur
1112 1572 1220 1653 μόνον,
1304 1606 1312 1622 ·

86 1698 158 1760 eg.
175 1679 209 1740 iu
236 1675 286 1739 Ls.
304 1676 370 1738 732
394 1675 472 1739 όςον
491 1674 689 1739 διαπετάςας’
705 1675 755 1738 ἐπὶ
776 1680 831 1753 τῆς
850 1679 952 1754 κλίνης
976 1677 1084 1758 μόνον,
1109 1677 1164 1741 Ra.
1178 1677 1220 1739 94

87 1785 106 1846 d
129 1784 265 1861 φροῦδα
295 1783 425 1859 θᾶττον,
456 1780 494 1855 ἢν
520 1778 620 1855 μόνον
649 1778 750 1856 χόρον
778 1779 870 1862 λάβῃ,
900 1779 1031 1862 Antiph.
1048 1783 1081 1860 3,
1107 1782 1220 1858 111,9

85 1885 136 1970 [Κ
156 1887 232 1966 195,
249 1883 283 1967 9]
308 1882 355 1946 ὅς’
375 1881 415 1945 ἂν
440 1882 541 1960 μόνον
564 1883 643 1964 τίιχη
666 1901 710 1944 τις
736 1882 842 1959 εἰπὼν,
868 1881 959 1946 Alex.
977 1885 1006 1963 3,
1030 1885 1104 1963 485,
1128 1881 1220 1957 lus

86 1989 138 2074 [K.
155 1988 233 2069 222,
250 1987 283 2071 3]
309 1987 447 2049 ἅπαντες
470 1984 620 2064 ὀρχοῦντ’
633 1986 735 2064 εὐθὺς,
759 1984 799 2048 ἂν
815 1984 906 2049 οἴνου
922 1986 1024 2063 μόνον
1041 1987 1140 2064 ὀςμήν
1156 1986 1222 2064 (ilp-

88 2114 146 2171 χην
160 2089 329 2172 Blaydesii
346 2089 542 2168 coniectura)
557 2087 675 2152 ἴδωςιν.
691 2087 850 2152 Velsenus
867 2091 976 2152 nescio
994 2110 1056 2172 qua
1072 2090 1112 2154 de
1128 2109 1224 2154 causa

85 2196 307 2260 coniecturam
334 2192 427 2269 μόνοι
450 2193 615 2274 proposuit
633 2191 686 2273 ita,
710 2197 746 2255 ut
765 2191 804 2254 ad
824 2193 957 2255 verbum
981 2196 1125 2270 κρατοῡςι
1144 2191 1222 2255 illud

86 2300 182 2377 μόνοι
197 2297 318 2361 redeat.
344 2294 445 2371 Quam
464 2295 636 2376 quominus
652 2313 833 2376 sequamur,
850 2313 887 2358 eo
904 2294 1120 2378 prohibemur,
1137 2294 1223 2377 quod

88 2403 180 2479 μόνοι
206 2419 272 2463 non
301 2399 406 2462 solum
431 2399 532 2460 nimio
552 2397 654 2480 spatio
682 2418 700 2460 a
728 2401 873 2476 κρατοῡςι
896 2402 1068 2480 separatur,
1101 2397 1158 2461 sed
1183 2416 1223 2461 ne

86 2504 248 2567 sententia
279 2501 410 2584 quidem
440 2502 618 2583 requiritur
646 2500 796 2564 adverbio
828 2501 970 2564 ἑκάςτοτε
1003 2500 1222 2583 praecedente.

88 2606 306 2670 masculinum
338 2604 437 2682 μόνος
459 2604 672 2668 Leeuwenius
700 2610 818 2685 tuetur,
848 2623 920 2666 cum
950 2605 983 2666 in
1014 2604 1119 2666 adnot.
1141 2603 1224 2667 hanc

87 2709 387 2792 interpretationem
411 2707 557 2790 praebet:
582 2707 704 2770 “Paulo
728 2706 834 2770 laxior
857 2713 905 2770 est
931 2706 1101 2770 verborum
1121 2715 1223 2771 struo·

87 2818 170 2874 tura.
195 2810 277 2874 Num
295 2811 357 2874 hoc
374 2817 421 2874 est
440 2809 525 2893 quod
543 2809 634 2873 Cario
651 2810 744 2874 dicit:
770 2813 819 2873 καὶ
835 2811 870 2873 ἐν
886 2814 951 2874 τοῖς
966 2813 1114 2888 πολέμοις
1129 2809 1223 2875 οὗτος

89 2916 189 2992 μόνος
219 2913 481 2990 ἐπικαθεζόμενος
510 2915 567 2990 τὴν
598 2913 685 2991 νίκην
713 2915 836 2987 δίδωτι,
865 2915 959 2976 etiam
989 2913 1022 2975 in
1051 2912 1142 2977 bellis
1171 2914 1224 2976 hio

90 3017 188 3080 modo
212 3016 303 3098 adsit,
326 3016 462 3079 victoria
476 3016 653 3097 sequitur'’.
678 3014 751 3078 Non
771 3014 881 3078 dubito
898 3015 1091 3079 Leeuwenio
1116 3035 1223 3080 assen-

87 3121 157 3202 tiri,
188 3119 375 3203 praesertim
399 3120 529 3183 crimin
555 3139 583 3181 v.
602 3119 665 3181 182
690 3117 881 3199 Chremylus
905 3119 1007 3181 dicat:
1041 3120 1224 3196 μονώτατος

86 3226 153 3300 γὰρ
171 3219 199 3286 εἷ
214 3224 251 3286 cb
266 3223 398 3285 πάντων
414 3221 509 3285 αἴτιος
525 3227 557 3285 et
571 3221 605 3283 in
621 3241 650 3283 ν.
664 3222 726 3284 186
740 3221 855 3284 Plutus
872 3240 912 3284 ex
924 3221 1060 3284 Curione
1076 3227 1222 3302 quaerat:

89 3328 155 3402 ἐγὼ
174 3328 310 3390 τοςαῦτα
331 3324 469 3389 δόνατός
494 3324 551 3401 εἰμ’
568 3323 609 3388 εῘς
633 3325 680 3387 ὢν
703 3327 818 3401 ποιεῑνς
844 3324 914 3400 Quo
938 3324 972 3386 in
997 3343 1091 3387 versu
1117 3322 1158 3387 εῘς
1177 3324 1224 3387 ὢν

87 3427 257 3512 significat
279 3427 371 3510 “ipse
394 3426 511 3490 solus'’.
537 3426 863 3490 cummunionem
887 3427 920 3488 in
940 3426 998 3508 Eq.
1017 3428 1078 3489 861
1102 3426 1143 3490 είς
1162 3423 1222 3513 ὢν)

87 3533 211 3596 {nuncu
228 3532 303 3595 τοὺς
327 3530 512 3608 ξυνωμότας
536 3533 568 3593 et
592 3528 637 3593 Pl.
655 3531 728 3605 949,
753 3528 808 3592 ubi
832 3528 871 3592 ad
896 3528 937 3593 είς
961 3530 1008 3592 ὢν
1027 3528 1223 3592 adiectivuur

87 3635 194 3714 μόνος
221 3633 362 3698 accedit:
395 3632 461 3708 δτιή
491 3635 635 3696 καταλύει
662 3637 848 3712 περιφανῶς
878 3631 919 3696 είς
950 3633 996 3696 ὢν
1025 3632 1123 3709 μόνος
1142 3630 1147 3716 Ι
1167 3633 1225 3707 niv

86 3737 311 3817 δημοκρατίαν.
336 3733 466 3800 Videsis
488 3735 583 3798 etiarn
609 3734 667 3817 Vp.
686 3736 781 3812 1590,
806 3734 862 3817 Εη.
882 3736 954 3814 149,
974 3735 1020 3798 ΡΙ.
1034 3736 1130 3814 1053,
1147 3732 1225 3795 alios

85 3843 177 3906 locos
200 3839 286 3924 apud
313 3838 569 3921 Aristophanem,
593 3837 732 3920 denique
757 3838 922 3920 Hernripp.
938 3838 975 3900 ir.
994 3840 1022 3918 2,
1040 3840 1114 3917 399,
1131 3836 1187 3917 ΙΠ,
1204 3838 1224 3897 4

85 3943 138 4033 [Κ.
163 3946 217 4023 45,
240 3944 276 4028 4]
301 3941 344 4006 είς
370 3942 432 4020 γὰρ
457 3942 556 4018 μόνος
579 3941 627 4004 ὢν
655 3940 894 4019 κατεβρόχθιςεν
918 3940 957 4003 ἂν
981 3942 1038 4017 τήν
1061 3938 1226 4002 Πελοπόν-

81 4069 182 4129 νηςον
206 4047 344 4111 ἅποςαν.

175 4151 213 4215 In
245 4171 275 4214 v.
295 4149 362 4212 242
388 4149 427 4226 ἣν
452 4147 546 4212 δ’ὡς
569 4146 747 4226 παραπλῆγ’
769 4142 944 4224 ἄνθρωπον
968 4146 1115 4210 είςελθὼν
1138 4145 1233 4221 τύχω,

80 4259 176 4324 Re<
200 4254 349 4342 praebet
374 4251 472 4316 S-ll
490 4252 539 4316 είς.
564 4252 666 4335 Saepe
686 4251 862 4334 particulae
882 4252 934 4328 ὡς,
959 4250 1008 4328 είς,
1033 4250 1065 4311 ἐς
1091 4247 1227 4311 contun-
