2932 4800
35 362 178 433 Epistulae
192 362 348 418 amatoriae
366 362 507 434 quomodo
523 363 695 418 cohaereant
707 377 771 417 cum
781 362 878 432 elegiis
888 361 1096 418 Alexandrinis.
1127 355 1167 419 ll

34 533 153 599 fabulis
173 536 242 600 sive
260 535 296 598 iu
314 534 472 618 epylliis
491 535 559 599 sive
578 534 612 598 in
632 533 769 618 elegiis
787 533 967 599 scribendis
982 536 1168 617 uteretur¹).

32 635 160 703 Deinde
178 638 449 704 Reitzensteinius
456 639 483 720 ¹)
506 657 548 702 ex
566 638 636 721 ipsa
653 635 763 702 indole
784 637 1060 721 epigrammatum,
1084 657 1168 721 quae

32 741 168 806 ineunte
184 739 488 822 Alexandrinorum,
511 746 548 804 ut
569 741 669 822 aiunt,
692 742 795 804 aetate
819 743 889 804 orta
907 747 991 822 sunt,
1017 740 1168 824 colligere

31 843 95 907 sibi
107 843 239 908 videtur
254 843 400 909 extitisse
416 844 481 908 iam
497 844 641 908 carmina
656 843 801 927 elegiaca
812 842 961 909 eiusdem
977 844 1168 927 argumenti,

31 947 91 1012 sed
114 946 307 1031 prolixiora3
336 966 413 1010 nam
436 966 510 1010 cum
540 946 884 1030 epigrammatographi
911 965 1008 1030 saepe
1036 964 1077 1011 ex
1101 967 1169 1011 am·

30 1049 190 1135 plioribus
219 1049 416 1114 carminibus
446 1052 635 1133 argumenta
664 1052 855 1133 repeterent
888 1069 970 1132 quae
1001 1048 1168 1115 decurtata

29 1155 96 1239 ipsi
106 1152 288 1235 redderent,
303 1154 379 1218 fieri
395 1160 483 1219 certe
496 1155 650 1238 potuisse,
667 1157 704 1219 ut
716 1154 828 1238 elegiis
845 1173 974 1238 quoque
989 1156 1168 1219 uterentur.

31 1256 128 1335 Quod
147 1257 360 1321 demonstrari
379 1275 417 1321 ea
435 1256 655 1339 similitudine,
680 1276 762 1341 quae
781 1257 867 1322 inter
881 1256 976 1321 Pauli
992 1256 1168 1322 Silentiarii

30 1362 64 1425 et
74 1360 232 1441 Agathiae
245 1359 473 1443 epigrammata
488 1362 520 1424 et
536 1359 654 1444 elegias
664 1359 824 1443 Propertii
837 1357 1024 1424 intercedat
1041 1358 1168 1424 Ottonis

29 1461 124 1527 vides
139 1463 250 1526 iterari
265 1463 585 1546 argumentationem,
600 1462 662 1527 nisi
680 1461 766 1546 quod
781 1463 1054 1528 Reitzensteinius
1071 1462 1168 1526 etiam

30 1564 329 1630 Alexandrinorum
363 1566 507 1649 ipsorum
536 1563 669 1629 adhibet
701 1566 936 1649 epigrammate,
970 1564 1089 1647 quibus
1118 1564 1167 1628 1111

30 1667 187 1751 ampliora
211 1669 354 1732 carmina
379 1668 471 1751 quasi
498 1669 532 1732 iu
556 1669 693 1733 formam
720 1668 940 1752 inscriptionis
968 1666 1167 1751 redigebant

30 1770 199 1854 Exemplo,
210 1789 313 1853 eoque
323 1772 500 1854 notissimo,
509 1789 622 1835 rursus
631 1791 700 1836 rem
714 1771 901 1835 inlustrabo.
917 1770 1166 1854 Propertius13

31 1876 64 1938 et
86 1872 209 1937 Paulus
230 1874 358 1937 Anthol.
380 1873 445 1938 Pal.
462 1875 493 1936 V
514 1874 578 1938 275
603 1873 689 1938 idem
712 1874 781 1938 fere
805 1879 1030 1958 argumentum
1054 1873 1167 1938 eodem

31 1976 145 2041 ordine
166 1976 325 2060 digestum
345 1976 515 2042 exhibent:
539 1980 677 2060 uterque
696 1980 790 2061 poeta
809 1983 906 2042 noctu
926 1995 961 2041 se
979 1978 1014 2040 in
1035 1976 1166 2041 domum

30 2080 158 2164 puellae
181 2081 319 2144 intrasse
342 2085 466 2158 narrat3
494 2084 631 2164 uterque
660 2078 872 2145 dormientem
901 2099 972 2145 eam
1000 2080 1166 2144 inventam

30 2182 154 2267 prodit3
184 2189 320 2266 uterque
343 2203 419 2248 cum
442 2183 588 2248 Ariadna
616 2182 794 2249 dormiente
822 2183 963 2268 puellam
986 2188 1165 2266 comparat3

32 2285 152 2350 desinit
163 2288 300 2369 uterque
314 2285 349 2350 in
362 2286 530 2369 questibus
543 2286 670 2370 puellae
684 2286 873 2351 referendis.
896 2286 970 2351 Non
983 2291 1167 2369 congruunt

32 2395 127 2472 certe,
149 2408 232 2472 quae
250 2388 358 2454 media
378 2390 530 2454 carminis
549 2392 639 2473 parte
656 2392 794 2472 uterque
814 2388 959 2467 exhibet3
978 2388 1166 2472 Propertius

32 2493 119 2556 anim
134 2494 242 2555 torum
260 2495 383 2557 amatae
398 2491 525 2576 puellae
542 2491 631 2556 adire
647 2512 714 2556 non
730 2491 835 2573 audet,
853 2491 974 2556 Paulus
989 2510 1025 2556 se
1040 2491 1166 2575 puellae

31 2595 97 2658 rim
113 2594 262 2660 intulisse
280 2595 386 2660 refert
410 2593 548 2660 Accedit
563 2595 694 2660 tertium
707 2594 829 2676 Hedyli
841 2597 954 2678 poetae
971 2594 1168 2679 epigramma

30 2697 161 2762 Anthol.
177 2697 242 2762 Pal
263 2698 294 2760 V
312 2701 385 2781 199,
409 2718 473 2781 quo
493 2698 609 2782 puella,
629 2698 682 2762 cui
701 2717 760 2782 per
779 2698 845 2761 vim
866 2697 1034 2780 virginitas
1058 2700 1168 2781 erepta

30 2803 87 2881 est,
120 2799 242 2864 Veneri
276 2802 467 2865 vestimenta
498 2799 633 2865 dedicat
667 2801 777 2883 Atque
808 2819 849 2865 ex
878 2798 1001 2883 Hedyli
1034 2799 1166 2883 quidem

125 2951 144 3021 ι)
161 2948 327 3018 Ἐρωτικῶν
341 2951 520 3018 παθημάτων
533 2951 562 3005 111
574 2950 739 3022 prooemino
749 2951 785 3020 (p.
795 2950 831 3005 ta
841 2951 884 3007 ed.
895 2951 1019 3021 Martini)
1032 2950 1165 3020 legimus:

31 3042 160 3096 Mdhrcrn
172 3041 215 3095 ςοί
227 3044 323 3095 δοκῶν
332 3041 493 3108 ἁρμόττειν,
503 3042 640 3109 Κορνήλιε
650 3042 741 3107 Γαλλε,
752 3042 805 3108 τήν
813 3042 941 3108 ἂθροιςιν
948 3045 1010 3094 τῶν
1019 3041 1167 3107 ἐρωτικῶν

30 3131 213 3197 παθημάτων
228 3131 433 3197 ἀναλεξάμενος
453 3133 493 3185 ὼς
507 3132 551 3185 ὅτι
564 3133 679 3185 πλεῑςτα
692 3131 722 3184 ἐν
741 3131 928 3197 βραχυτάτοις
944 3131 1109 3184 ἀπέςταλκα.
1131 3131 1168 3184 τὰ

29 3222 85 3288 γὰρ
105 3221 185 3287 παρά
202 3237 253 3275 τιςι
271 3225 332 3274 τῶν
349 3225 480 3288 ποιητῶν
499 3219 612 3285 κείμενα
628 3221 750 3287 τούτων,
772 3221 809 3287 μή
824 3220 986 3274 αὐτοτελῶς
1004 3220 1165 3288 λελεγμένα,

29 3311 212 3377 κατανοὴςεις
231 3311 262 3365 ἐκ
279 3313 372 3365 τῶνδε
390 3313 427 3365 τὰ
446 3312 576 3364 πλεῑςτα·
603 3310 681 3378 αὐτῷ
705 3311 738 3364 τέ
761 3325 804 3364 ςοι
822 3312 957 3377 παρέςται
976 3309 1015 3364 etc
1034 3311 1097 3376 tun
1121 3307 1167 3363 κα1

30 3399 184 3465 ἐλεγείας
208 3400 322 3464 ἀνάγειν
339 3401 375 3454 τὰ
394 3401 509 3465 μάλιςτα
528 3401 556 3455 ἐξ
574 3400 670 3453 αὐτῶν
688 3401 812 3467 ἁρμόδια
829 3402 911 3455 ant.
941 3400 996 3455 Sed
1013 3416 1058 3454 me
1075 3399 1167 3454 iudice

29 3505 66 3544 ne
97 3506 133 3544 ex
162 3490 216 3545 hoc
241 3491 354 3560 quidem
379 3491 442 3546 loco
472 3493 549 3545 certo
575 3489 704 3546 concludi
730 3493 824 3559 potest
851 3488 1033 3544 Parthenium
1061 3488 1167 3559 elegias

29 3573 246 3642 Alexandrinas,
261 3589 378 3644 quarum
396 3577 499 3644 poetae
518 3573 649 3630 similiter
661 3590 695 3630 ac
711 3573 844 3644 Tibullus,
864 3575 1034 3644 Propertius,
1048 3573 1167 3629 Ovidius

30 3659 65 3714 de
86 3676 117 3714 se
136 3658 323 3727 disserebant,
340 3659 456 3729 legisse;
476 3659 657 3714 verisimilius
675 3660 734 3715 lere
751 3666 795 3714 est
811 3659 1001 3726 Parthenium,
1022 3675 1085 3713 cum
1102 3657 1167 3712 hor·

29 3748 114 3811 tatur,
137 3748 169 3799 ut
189 3743 285 3798 Gades
303 3743 407 3799 tabulis
430 3745 518 3799 etad
538 3744 644 3814 elegias
663 3743 810 3800 faciendas
830 3749 863 3799 et
881 3744 918 3799 ad
938 3745 1066 3800 carmina
1086 3744 1167 3814 epica

30 3828 227 3899 componenda
250 3832 355 3897 utatur,
379 3829 428 3884 illa
451 3829 586 3896 carmina,
606 3828 708 3899 quihus
732 3829 845 3884 tabulae
864 3833 996 3885 accurate
1014 3832 1167 3883 narrantur

31 3915 106 3983 (ride
125 3931 212 3984 supra
224 3931 249 3984 p.
263 3916 281 3970 9
294 3914 507 3970 adnotationem
520 3915 557 3983 7),
570 3914 747 3984 respexisae3
767 3930 840 3983 quae
859 3917 887 3968 et
903 3914 933 3968 in
950 3914 1079 3970 distichis
1092 3914 1168 3983 (Pro-

30 4003 99 4069 pert.
119 3998 190 4067 120)
211 4005 240 4056 et
258 3999 289 4053 in
306 3999 480 4055 hexametris
500 3999 647 4069 (Theocrit.
660 4000 708 4069 111)
726 3999 811 4053 scribi
830 4003 990 4069 potuerunt.

119 4091 140 4159 ι)
160 4088 204 4143 1.1.
218 4089 294 4159 1191.
313 4089 409 4144 Genus
423 4090 655 4159 epigrammatum
669 4088 872 4144 amatoriorum
886 4105 921 4143 ex
934 4089 1058 4159 antiquis
1069 4091 1167 4161 elegiis

30 4176 144 4245 Ionicis,
179 4175 208 4230 in
238 4175 341 4246 quibus
367 4176 507 4231 amatoria
533 4180 700 4246 argumenta
731 4192 818 4246 saepe
845 4176 955 4243 insunt,
983 4180 1076 4231 ortum
1102 4193 1167 4233 esse

30 4259 269 4316 Reitzensteinius
288 4259 334 4315 1.1.
354 4277 380 4330 p.
391 4260 434 4315 89.
448 4260 484 4315 90
502 4261 669 4330 suspicatur.
