3398 4910
310 397 436 467 Sprachl.
447 397 701 468 Untersuchungen
719 414 754 452 zu
766 397 955 466 Theophrasts
972 397 1066 452 botuu.
1078 397 1225 454 Schriften.
1291 393 1331 454 47

202 574 231 652 5,
249 573 283 647 3;
311 571 329 648 ἡ
360 575 433 648 ςυκῆ
464 570 750 650 μακρορριζότατον
774 565 850 634 εἶναι
875 571 976 635 δόξειε
1001 573 1029 652 7,
1048 572 1081 648 1;
1111 571 1231 636 άζώδες
1257 571 1333 635 ἐλάα

200 681 255 754 (se.
276 674 368 755 ἐςτίν)
386 673 415 754 8,
434 675 467 742 1;
488 673 614 752 ίςχυρὸν
633 675 651 751 ἡ
671 673 763 750 ἐλάτη
781 675 810 754 8,
827 674 862 750 3;
882 672 958 736 ἔνιοι
979 675 1014 736 δὲ
1034 693 1108 752 φαςι
1128 676 1253 751 κοίτην
1273 671 1333 750 ὄην

200 776 347 854 ἄκαρπον
370 777 535 855 γίγνεςθαι,
559 776 649 854 φύςει
670 776 731 852 γάρ
756 775 886 853 ψυχράν
909 774 942 838 Π
964 776 1067 856 2,10;
1093 776 1111 852 ἡ
1136 776 1333 856 κυπάριττος,

200 880 281 958 ἥπερ
310 879 350 942 οὐ
382 877 591 956 φιλόκοπρον,
622 878 698 942 οὐδὲ
723 879 878 956 φίλυδρον
902 877 935 942 ΙΙ
953 880 982 958 ί,
1006 881 1038 956 1;
1064 879 1332 957 βαθυρριῑάτοτον

201 985 288 1046 δοκεῖ
313 984 379 1045 τῶν
404 981 523 1056 ἀγρίων
552 975 627 1044 εἶναι
651 981 669 1058 ἡ
694 983 807 1058 πρῖνος
830 979 880 1044 III
898 981 926 1061 6,
948 983 985 1057 4;
1010 981 1272 1045 ἐπιπολαιότατον
1297 983 1333 1044 δὲ

200 1085 386 1161 θραύτταλος
421 1083 471 1146 III
492 1085 520 1165 6,
541 1085 576 1159 4;
605 1086 624 1161 ἡ
655 1086 734 1162 δρῦς
759 1085 996 1162 πλειςτοφὸρον
1020 1083 1100 1148 ἐςτίν
1131 1082 1181 1146 ΙΙΙ
1202 1084 1231 1163 7,
1253 1084 1287 1159 6;
1312 1085 1331 1160 ἡ

200 1188 229 1251 δ’
242 1189 377 1265 αἰγίλωψ
408 1187 667 1267 ὀρθοφυὲςτατον
690 1187 739 1250 HI
760 1189 789 1268 8,
810 1190 846 1264 4;
870 1191 889 1266 ἡ
914 1190 1146 1267 πλατύφυλλος
1172 1187 1331 1270 δεύτερον,

198 1293 280 1369 πρὸς
305 1293 341 1354 δὲ
363 1293 421 1368 τήν
439 1291 545 1368 χρείαν
565 1291 716 1369 χείριςτον
736 1291 831 1372 1116,
850 1293 883 1370 5;
909 1290 1087 1370 ὀρθότερον
1108 1291 1211 1355 δὲκαὶ
1234 1291 1332 1369 παχύ-

197 1412 293 1471 τερον
318 1393 336 1469 ἡ
361 1394 444 1456 {butu
472 1392 521 1455 III
539 1394 567 1473 9,
585 1393 619 1468 2;
645 1392 721 1471 ὀξάη
747 1395 806 1458 ἐςτί
831 1394 1010 1474 μονογενὲς,
1035 1393 1197 1472 ὀρθοφυὲς
1223 1395 1331 1456 δὲκαὶ

199 1499 286 1558 λεῖον
306 1497 356 1558 καὶ
375 1494 493 1560 ἄνοζον
512 1495 560 1558 Ill
579 1497 607 1575 9,
626 1496 660 1566 2;
682 1499 787 1572 μεῖζον
807 1498 910 1558 δὲκαὶ
930 1497 1108 1573 μανότερον
1128 1495 1145 1572 ἡ
1167 1496 1332 1573 βουμὲλιος

199 1597 274 1661 δι’ίί
299 1601 347 1661 καὶ
370 1598 464 1675 ἧττον
488 1599 588 1662 οὖλον
612 1597 825 1680 11111,5u.
849 1618 889 1674 ας
914 1599 947 1660 iu
972 1597 1057 1662 allen
1080 1598 1233 1662 Btiehem
1256 1599 1332 1662 sehr

200 1700 318 1782 htiufig.
355 1701 538 1764 Manchmul
557 1702 627 1764 tritt
647 1701 729 1765 auch
746 1701 904 1764 Wuuhsel¹
917 1702 979 1782 ein,
1003 1719 1039 1764 so
1064 1702 1353 1779 βαθυρριῑότερον’

199 1803 290 1881 ἐλάτη
315 1807 422 1884 δρυὸς,
447 1803 514 1868 ἀλλ’
535 1804 681 1868 ἐλάττου(
704 1805 786 1883 ἔχειν
811 1806 860 1867 καὶ
883 1804 1155 1882 εὐθυρριῑοτὲραν
1180 1799 1256 1868 εἶναι
1281 1804 1330 1868 ΠΙ

201 1908 230 1985 6,
248 1909 281 1984 6;
302 1909 478 1985 μονογενὴς
504 1910 539 1971 δὲ
563 1909 612 1971 καὶ
636 1910 655 1984 ἡ
680 1911 779 1988 μίλος,
803 1907 970 1986 ὀρθοφυης
994 1909 1030 1970 δὲ
1053 1909 1102 1970 καί
1126 1906 1258 1983 εὐαυξὴς
1281 1910 1329 1970 καὶ

199 2009 294 2086 ὁμοία
305 2017 341 2091 τῇ
355 2011 457 2093 ἐλάτῃ,
474 2012 557 2087 πλὴν
572 2011 632 2089 οὐχ
648 2011 776 2088 ὑψηλὸν
790 2009 885 2090 οὕτω,
901 2010 1149 2087 πολυμάςχαλον
1162 2012 1197 2072 δὲ
1210 2013 1329 2087 μᾶλλον

199 2113 284 2193 (hier
306 2113 364 2177 der
381 2113 532 2177 Weehsel
556 2112 712 2193 offenbur,
736 2133 791 2177 um
815 2111 877 2176 den
897 2111 975 2175 Hiat
993 2131 1033 2176 zu
1056 2111 1253 2193 vermeiden)
1279 2111 1329 2175 III

202 2217 251 2294 10,
269 2217 306 2292 2;
330 2219 348 2294 ἡ
373 2215 484 2293 άςτρυς
509 2217 685 2297 μονοειδής,
710 2216 854 2295 ὁμοφυὲς
877 2221 914 2294 τῇ
939 2214 1018 2296 ὀξάᾳ
1041 2213 1205 2295 11110‚3.

287 2318 446 2400 Auffullig
480 2318 521 2381 ist
554 2318 770 2400 0.1v13,4
802 2317 821 2381 ὸ
852 2321 889 2382 δὲ
916 2319 1042 2400 (πυρὸς)
1075 2319 1124 2380 καὶ
1157 2317 1191 2380 ἐν
1226 2321 1328 2395 χιτῶςι

198 2421 400 2497 πυκνότερον
431 2423 479 2484 καὶ
512 2422 724 2503 ίςχυρότερον,
757 2441 805 2484 wo
834 2441 898 2485 von
925 2419 1235 2502 voriiburguhendeu
1266 2419 1327 2483 Zu-

197 2523 332 2586 stiinden
360 2524 559 2606 gesproeheu
588 2524 637 2587 ist.
672 2514 816 2588 Abulieh
844 2523 916 2586 siud
947 2523 1031 2588 noch
1062 2522 1213 2605 folgende
1242 2521 1328 2586 Fullo

197 2647 260 2690 von
280 2626 537 2706 Genusweehsel‚
558 2647 605 2690 wo
626 2628 677 2690 ein
703 2627 772 2691 sich
791 2626 1127 2691 zurtickbeziehendes
1146 2625 1328 2690 Pronomeu

196 2729 248 2792 ins
266 2729 425 2794 Neutrum
443 2737 565 2813 gesetzt
587 2731 639 2794 ist:
663 2731 767 2809 ἔχουςι
786 2733 846 2810 γάρ
867 2732 970 2809 ὥςπερ
990 2727 1073 2796 ῑνας·
1094 2731 1112 2794 ὅ
1132 2731 1192 2795 ἑςτι
1212 2729 1228 2794 Ι
1245 2731 1273 2811 2,
1292 2733 1326 2808 5;

194 2833 257 2898 ἔςτι
282 2837 317 2897 δὲ
341 2833 409 2912 ῥίζα
433 2837 488 2910 μὲν
512 2831 551 2896 δι’
577 2833 616 2896 οὗ
643 2837 722 2914 1,9;
746 2839 804 2900 τοῦ
825 2839 861 2898 δὲ
884 2838 975 2914 φλεὼ
999 2837 1135 2914 (καρπὸν
1159 2830 1246 2914 εἶναι)
1268 2835 1326 2910 την

196 2938 392 3014 καλουμένην
413 2937 603 3020 ἀνθήλην,ᾠ
622 2941 759 3016 χρῶνται
779 2939 861 3014 πρὸς
877 2939 933 3002 τὰς
952 2939 1076 3001 κονίας·
1092 2941 1190 3001 τοῦτο
1208 2936 1237 3000 δ’
1248 2937 1326 3002 ἐςτίν

194 3039 243 3102 Ν
256 3041 305 3120 16,
316 3042 351 3115 4;
369 3039 438 3104 καθ’
452 3041 470 3102 ὃ
483 3043 502 3117 ὴ
514 3039 676 3117 Προβατία
691 3041 866 3118 καλουμένη
880 3042 1100 3119 καταφέρεται·
1116 3043 1212 3103 τοῦτο
1226 3039 1255 3104 δ’
1268 3041 1327 3104 ἐςτί

193 3144 356 3220 ποταμάς;
383 3141 502 3206 ebenso
527 3143 621 3220 ὁμὲν
640 3144 803 3219 ἑλοίαγνος
826 3147 978 3208 τοιοῦτον
1002 3142 1049 3205 Ν
1068 3144 1117 3224 10,
1136 3143 1164 3206 2.

284 3244 349 3308 Dus
378 3244 536 3308 Neutrum
567 3245 651 3308 kann
680 3245 840 3310 nattirh'oh
872 3265 935 3309 nur
965 3245 1050 3310 daun
1080 3247 1202 3326 stetten,
1231 3265 1325 3310 νεαρ

195 3367 258 3410 vou
275 3346 501 3430 ungeboreuuu
515 3348 765 3430 Riguusehuften
781 3349 980 3432 gesprochun
994 3347 1082 3410 wird.
1106 3347 1230 3412 Durum
1245 3349 1324 3412 wird

194 3469 268 3514 man
293 3451 369 3528 μετὰ
389 3454 445 3528 μὲν
462 3455 522 3514 τοῦ
547 3451 664 3516 ὓδατος
686 3453 848 3531 ὠφέλιμον
867 3455 886 3529 ἡ
906 3452 1035 3532 κάπρος,
1055 3450 1131 3516 ἄνευ
1153 3455 1188 3515 δὲ
1205 3452 1324 3516 τούτου

195 3554 330 3631 βλαβερά
358 3552 482 3634 Ι16,3
512 3553 747 3637 entspreoheud
778 3554 917 3633 βλαβερά
947 3553 1029 3617 auch
1062 3553 1225 3632 ὠφέλιμος
1254 3572 1325 3617 νοτ-

193 3653 334 3718 bessem.

284 3757 586 3823 Geuusweuhsel
613 3759 657 3822 ist
683 3779 742 3823 aus
766 3759 840 3823 dem
863 3757 943 3823 Sinn
966 3779 1006 3822 zu
1036 3759 1191 3841 erklttren,
1214 3757 1324 3824 indem

193 3860 323 3924 thrtur
340 3861 508 3926 thuliuher
525 3862 719 3944 Bedeutung
741 3882 782 3926 zu
801 3869 960 3945 ergttnzen
984 3861 1072 3926 sind:
1097 3861 1191 3944 1118,
1209 3864 1227 3925 2
1253 3861 1323 3927 οίον

190 3979 405 3990 ——--——·

283 4025 303 4094 ¹)
322 4024 488 4080 Aristoteles
504 4025 554 4080 hat
567 4025 645 4080 diese
658 4025 906 4080 Ausdrucksweisu
920 4041 974 4079 nur
986 4025 1016 4078 iu
1029 4027 1094 4080 sehr
1106 4026 1323 4082 beschranktem

191 4109 289 4178 Μαάθ,
313 4110 448 4164 νάλτετιά
468 4109 644 4179 Theophrast
667 4111 722 4164 den
746 4111 850 4165 bloflen
868 4111 977 4164 Numen
998 4110 1029 4164 iu
1048 4112 1217 4179 generellem
1236 4111 1322 4168 Sinne

191 4199 271 4264 setzt,
295 4197 406 4250 wendet
425 4195 590 4251 Aristoteles
609 4196 692 4251 datur
710 4197 846 4252 meistens
865 4197 911 4252 die
930 4198 1152 4268 Umschreibung
1169 4200 1221 4254 mit
1238 4201 1322 4264 γένος

188 4296 238 4348 an,
257 4279 311 4334 wie
328 4282 363 4333 τὸ
381 4285 443 4332 τῶν
461 4280 589 4334 λεόντων
606 4281 689 4345 γένος
707 4297 734 4336 u.
748 4297 774 4337 a.
