3248 4910
384 386 426 448 14
807 389 842 444 M.
862 389 1088 458 Heinemann,

382 561 483 629 iidem
501 562 633 627 firmare
654 565 710 627 aut
731 560 867 644 demere,
885 560 972 644 quod
989 579 1094 644 genus
1116 561 1216 624 thesis
1236 565 1271 624 et
1292 579 1492 625 anasceuas
1513 566 1543 622 ct

383 668 567 730 catasceuas
588 665 702 730 Graeci
721 671 853 743 vocant3
873 663 979 728 donec
999 665 1118 728 sensim
1139 663 1220 728 haec
1244 663 1491 742 exoleverunt
1512 672 1543 726 ct

383 767 423 832 ad
436 769 688 833 controversiam
700 773 831 832 ventum
845 766 924 848 est').
941 765 1045 843 Quam
1057 772 1164 831 vetera
1176 767 1257 831 haec
1270 765 1392 830 studia
1405 767 1486 846 sint,
1501 785 1541 829 ex

382 871 547 937 nonnullis
571 891 589 936 e
613 869 788 936 comoediis
812 870 934 934 haustis
957 868 1037 934 locis
1061 869 1169 952 colligi
1191 872 1318 953 potest;
1348 869 1393 934 ot
1419 870 1542 934 comici

383 975 532 1042 Alexidis
547 975 763 1058 fragmentum
779 973 918 1054 fabulae,
939 974 994 1038 cui
1018 973 1132 1038 titulus
1158 977 1208 1038 est
1231 975 1541 1052 Ἀποκοιιτόμενος

381 1079 599 1162 (comicorum
618 1078 800 1143 Atticorum
823 1077 1001 1161 fragmenta
1024 1075 1058 1140 Π
1080 1096 1109 1160 p.
1123 1076 1197 1157 305,
1213 1076 1256 1140 20
1283 1075 1338 1139 ed.
1360 1075 1494 1156 Kookl:

972 1199 1093 1272 λέγεται
1115 1199 1175 1275 γὰρ
1200 1197 1302 1272 λόγος

545 1303 634 1366 Ὑπὸ
658 1307 733 1366 τῶν
757 1306 945 1381 ςοφιςτιῑιν
969 1303 1009 1380 μὴ
1034 1303 1177 1366 πέτεςθοι
1196 1301 1254 1364 τὸν
1275 1303 1362 1365 θεὸν

545 1407 611 1471 Τὸν
628 1405 768 1487 Ἔρωτα,
790 1407 866 1470 τοὺς
890 1407 919 1470 δ’
942 1405 1093 1484 ἐρῶντας.
1117 1406 1217 1470 αἰτίαν
1241 1406 1269 1468 δ’
1290 1406 1383 1484 ἔχειν

545 1510 686 1574 Ἐκεῖνον
710 1507 821 1590 ἄλλως,
845 1507 1041 1587 ἠγνοηκότας
1064 1510 1100 1572 δὲ
1121 1509 1198 1572 τοὺς

553 1611 678 1691 Γραφεῑς
701 1611 816 1690 ἔχοντα
838 1612 996 1688 πτέρυγας
1020 1610 1118 1674 αὐτὸν
1141 1612 1337 1692 ζωγραφεῖν,

383 1741 502 1826 quibus
521 1739 678 1822 versibus,
698 1759 777 1804 num
800 1741 939 1824 pictores
959 1742 1112 1806 Amorem
1132 1741 1292 1824 aligerum
1312 1744 1443 1808 merito
1465 1746 1537 1828 pin·

383 1845 501 1928 xcrint,
529 1843 727 1929 disputatur;
759 1843 848 1927 quod
881 1851 1107 1928 argumentum
1140 1863 1321 1909 anasccuae
1356 1847 1536 1912 rhetorum

385 1949 585 2014 simillimum
605 1953 693 2032 est¹)‚
711 1952 743 2013 et
758 1947 907 2014 Eubulus
925 1951 1069 2014 comicus
1089 1949 1128 2014 de
1148 1967 1195 2030 eo,
1212 1950 1307 2032 quasi
1323 1969 1534 2016 anesceuam

383 2052 512 2135 scribat,
535 2053 601 2136 agit
623 2052 840 2134 (Comicorum
863 2051 1047 2117 Atticorum
1070 2051 1250 2135 fragmenta
1272 2051 1308 2114 Π
1331 2072 1366 2136 p.
1389 2057 1468 2136 178,
1490 2058 1531 2117 41

385 2154 434 2221 ed.
458 2155 577 2234 Kochl:

546 2271 598 2336 Τίς
621 2271 661 2350 ἠν
685 2270 703 2334 ὁ
728 2271 856 2351 γράψας
879 2275 1007 2349 πρῶτος
1031 2270 1213 2349 ἀνθρώπων
1236 2268 1300 2349 ἄρα

540 2374 581 2437 Ἢ
607 2375 865 2454 κηροπλαςτήςας
880 2373 1002 2455 Ἔρωθ’
1024 2374 1223 2454 badarenum

547 2477 601 2542 Ὡς
625 2479 722 2543 οὐδὲν
746 2481 812 2564 ᾔδει
836 2481 917 2556 πλὴν
941 2478 1107 2557 χελιδόνας
1128 2477 1272 2560 γράφειν,

541 2581 622 2645 Ἀλλ’
647 2581 685 2660 ἠν
709 2579 840 2660 ἄπειρος
861 2585 927 2645 τῶν
950 2581 1085 2659 τρόπων
1107 2585 1175 2646 τῶν
1197 2583 1257 2645 τοῦ
1282 2582 1375 2645 θεοῦ.

539 2680 644 2748 Ἔςτιν
666 2686 726 2761 γὰρ
752 2682 825 2748 οὔτε
849 2685 986 2766 κοῦφος,
1011 2681 1086 2748 οὔτε
1110 2681 1219 2765 ῥᾴδιος

547 2787 771 2866 Ἀπαλλαγῆναι
795 2791 839 2870 τῷ
864 2787 996 2865 φέροντι
1019 2788 1076 2865 τήν
1099 2785 1206 2866 νδςον,

549 2891 652 2968 sape<
676 2891 712 2953 δὲ
736 2891 856 2972 κομιδῇ.
880 2894 949 2953 πῶς
973 2889 1013 2952 ἂν
1034 2890 1093 2953 οὖν
1118 2889 1185 2968 ἔχοι
1208 2889 1310 2966 πτερὰ

546 2992 682 3057 Τοιοῦτο
706 2995 851 3071 πρᾶγμα;
877 2994 986 3074 λῆρος,
1010 2991 1036 3054 εἰ
1061 2987 1180 3071 κᾶφηςὲ
1202 3011 1256 3056 τις.

384 3121 475 3187 Idem
505 3123 739 3206 argumentum,
768 3119 855 3204 quod
883 3120 931 3184 illi
957 3121 1126 3206 sophistae,
1151 3123 1304 3186 tractasse
1329 3123 1435 3185 aetate
1458 3121 1516 3184 im·

384 3225 543 3308 peratoria
559 3242 676 3307 pueros
692 3223 853 3288 Romanos
870 3229 1004 3288 testatur
1020 3223 1241 3301 Quintilianus
1257 3222 1290 3286 H
1306 3226 1337 3304 4,
1351 3225 1408 3288 26:
1427 3223 1515 3288 ‘sole-
1599 3263 1600 3286 ι

386 3327 463 3391 bant
484 3331 707 3410 praeceptores
731 3327 797 3391 mei
819 3344 927 3409 neque
950 3325 1057 3390 inutili
1082 3332 1115 3390 et
1137 3325 1230 3389 nobis
1253 3326 1349 3390 etiam
1373 3326 1513 3391 iucundo

384 3449 504 3514 genere
533 3429 773 3494 exercitationis
802 3449 992 3514 praeparare
1020 3449 1079 3492 nos
1104 3429 1377 3494 coniecturalibus
1401 3433 1512 3500 causis.
1599 3447 1600 3518 1

386 3553 461 3598 cum
481 3551 635 3616 quaerere
655 3537 750 3616 atque
770 3533 890 3616 exequi
908 3531 1059 3597 iuberent
1082 3532 1152 3597 'our
1170 3535 1291 3596 armata
1311 3532 1399 3616 apud
1418 3532 1510 3598 Lucc-

385 3635 571 3700 daemonios
588 3635 736 3700 Venus?
760 3641 792 3700 et
812 3633 921 3718 ‘qnid
938 3636 992 3700 ita
1010 3633 1236 3700 crederetur
1255 3634 1404 3719 Cupido
1423 3655 1512 3720 puer

385 3745 498 3822 atque
523 3737 682 3803 volucer
705 3743 742 3804 ot
765 3739 922 3822 sagittis
946 3759 989 3803 ac
1011 3739 1097 3803 face
1120 3739 1312 3821 armatus,
1337 3745 1368 3804 et
1391 3740 1509 3815 similia

384 3841 419 3904 iu
436 3839 554 3924 quibus
570 3839 795 3906 scrutabamur
810 3841 1018 3924 voluntatem,
1034 3842 1128 3906 cuius
1148 3842 1183 3905 in
1202 3843 1434 3907 controversiis
1452 3841 1509 3906 fre

479 4017 498 4088 ¹)
516 4017 556 4072 Cf.
569 4018 770 4086 Reitzenstein,
788 4017 895 4074 Hellen.
915 4018 1230 4088 Wundererztihlungen
1253 4033 1279 4088 ρ.
1295 4018 1356 4074 167.
1384 4018 1465 4073 Plura
1477 4017 1507 4074 de

384 4123 530 4162 anasceua
542 4107 649 4163 dabunt
658 4108 734 4164 Theo
747 4125 808 4178 cap.
818 4108 853 4163 VI
867 4107 955 4180 (Walz
969 4109 1011 4164 l.l.
1026 4109 1036 4163 l
1050 4109 1145 4179 pate)
1156 4113 1183 4162 ct
1193 4107 1386 4176 Quintilianus
1399 4109 1422 4163 ll
1436 4108 1506 4176 hid:

385 4197 609 4253 ‘Narrationibus
619 4213 678 4252 non
687 4197 823 4254 inutiliter
833 4199 1010 4268 subiungitur
1020 4215 1091 4268 opus
1101 4197 1265 4254 destruendi
1275 4197 1506 4267 confirmandique

385 4302 445 4354 eas,
465 4286 540 4356 quod
560 4288 695 4356 ἀναςκευή
715 4292 744 4344 et
762 4289 916 4356 κοταςκευὴ
936 4289 1073 4344 vocatur'.
