3178 4918
383 393 448 456 224
810 401 929 457 Victor
948 400 1090 469 Copton,

380 573 603 655 reponendum
620 591 690 637 esse
715 573 859 637 arbitror.
888 573 970 636 Nam
989 573 1099 636 dubito
1119 593 1159 636 an
1179 593 1245 636 non
1268 579 1356 636 recte
1379 573 1524 636 fecerint

382 675 571 740 Dindoriins
587 681 620 740 et
636 676 787 758 Kockius,
812 674 900 756 quod
922 677 1052 750 πνίγους
1069 676 1248 757 genitivum
1271 675 1429 758 temporis
1455 694 1524 738 esse

381 779 493 843 dixere
518 779 564 842 illi
589 785 743 858 χειμῶνος
760 798 789 842 v.
808 778 893 840 1080
919 779 1109 860 oppositum.
1135 778 1249 860 Neque
1267 779 1353 841 enim
1370 796 1458 859 opus
1476 783 1522 840 est

380 882 522 964 genitivo
550 885 691 963 πνίγους,
720 901 783 964 quo
808 881 1042 963 Aristophanes
1070 900 1127 964 pro
1150 885 1283 957 πνίγους
1307 879 1404 944 ὄντος
1436 881 1523 942 haud

381 984 447 1049 scio
477 1005 516 1048 an
548 1005 614 1048 non
645 1003 724 1048 usus
754 985 804 1048 sit.
837 982 953 1047 Verbis
983 989 1092 1046 autem
1123 987 1278 1061 χειμῶνος
1302 986 1358 1059 μὲν
1383 1002 1415 1044 v.
1437 984 1521 1044 1080

381 1088 562 1171 oppositum
594 1094 644 1150 est
674 1089 715 1152 αὖ
744 1091 852 1168 θερμή.
890 1089 959 1152 Iam
983 1089 1068 1172 quod
1100 1087 1149 1150 illi
1175 1091 1257 1151 πνὲς
1286 1091 1367 1151 teste
1398 1088 1523 1150 scholio

380 1193 561 1272 genitivum
576 1193 706 1266 πνίγους
730 1211 805 1255 cum
821 1211 901 1256 voce
917 1192 1000 1256 ἀκτὶς
1025 1192 1273 1274 coniunxerunt
1297 1211 1434 1274 prorsus
1451 1192 1522 1254 falsi

380 1295 465 1356 sunt.
489 1293 562 1357 Non
586 1294 705 1357 iniuria
721 1293 914 1376 Blaydesius
937 1296 972 1357 in
996 1295 1102 1358 adnot.
1119 1295 1159 1359 ad
1183 1296 1212 1358 h.
1229 1315 1258 1359 v.
1275 1295 1520 1359 animadvertit:

381 1397 527 1462 “Vereor
551 1401 586 1461 ut
608 1399 691 1463 bene
708 1399 835 1463 dicatur
850 1401 980 1474 πνίγους
997 1399 1111 1463 άκτίς”.
1140 1398 1287 1481 Intellegi
1312 1417 1391 1462 sane
1417 1402 1521 1482 potest

380 1504 490 1576 πνῖγος
513 1501 646 1565 ἀκτίνων
675 1501 727 1583 ita,
761 1508 798 1564 ut
824 1502 1003 1584 genitivum
1034 1521 1151 1568 causae
1183 1505 1407 1587 interpreteris
1443 1503 1520 1567 illud

380 1601 517 1666 ἀκτίνων
537 1603 642 1683 (Hitze
662 1604 782 1688 infolge
802 1605 859 1667 der
878 1604 1159 1683 Sonnenstrahleu
1180 1605 1283 1670 durch
1304 1606 1357 1670 die
1374 1605 1520 1670 Sonnen-

380 1706 522 1769 strehlen
541 1705 700 1788 bewirht);
726 1709 809 1772 darie
830 1710 961 1782 πνίγους
982 1726 1058 1772 vero
1078 1715 1162 1772 stare
1182 1709 1303 1790 nequit.
1334 1709 1427 1786 Quae
1448 1729 1519 1772 cunr

379 1809 424 1872 ita
447 1809 519 1889 sint
549 1810 671 1874 scholio
700 1815 733 1874 et
760 1810 871 1874 codice
900 1809 934 1874 M
961 1811 1064 1874 fretus
1092 1817 1219 1874 servato
1247 1812 1403 1892 πνίγους’,
1434 1812 1517 1894 quod

380 1912 474 1976 etiam
494 1913 666 1995 Blaydesio
690 1914 723 1977 in
743 1915 848 1977 adnot
868 1913 982 1995 placet,
1006 1913 1053 1977 sic
1072 1914 1246 1977 vertendos
1266 1933 1338 1977 esse
1357 1919 1439 1998 puto
1460 1935 1516 1978 css.

381 2015 616 2080 1091-1092:
653 2035 758 2098 neque
792 2035 906 2079 rursus
941 2017 1058 2080 fervidi
1094 2017 1292 2082 suffocantes
1327 2039 1387 2080 nos
1423 2025 1517 2083 urunt

378 2116 469 2200 radii,
493 2119 550 2201 qui
573 2119 637 2182 late
662 2119 875 2202 resplendent.

899 2287 918 2366 γ
944 2287 994 2347 13.

468 2425 507 2489 In
524 2425 735 2510 Vesparnm
755 2447 783 2490 ν.
803 2429 865 2490 108
886 2426 949 2490 ὑπὸ
969 2431 1037 2492 τοῖς
1053 2427 1141 2492 ὄνυξι
1158 2431 1257 2508 κηρὸν
1277 2431 1514 2506 ὑποπεπλαςμὲ-

378 2549 435 2593 νος
459 2529 611 2592 traditum
636 2537 684 2594 est
705 2532 740 2594 in
764 2531 823 2595 RV
848 2532 1135 2614 ἀναπεπλαςμένος,
1160 2533 1194 2595 in
1218 2533 1316 2597 schol
1343 2533 1373 2594 V
1399 2536 1512 2597 ὑποπε-

377 2635 571 2710 πλυςμένοςτ
591 2633 747 2713 γράφεται
763 2635 1053 2716 άναπεπλαςμὲνος,
1076 2637 1111 2698 iu
1132 2639 1203 2700 cett.
1223 2635 1315 2699 codd.
1333 2638 1513 2700 ὑποπεπλα-

378 2737 499 2813 ςμένος.
519 2735 709 2818 Μοίιιοίιίυυ,
730 2737 896 2820 Berglrius
920 2737 974 2800 alii
993 2737 1134 2803 editores
1157 2741 1349 2822 scripturam
1370 2739 1432 2803 RV
1450 2757 1511 2801 ιιιιι-

378 2837 466 2920 plexi
485 2841 573 2916 sunt3
594 2840 712 2922 quibus
731 2841 863 2922 obloqui
883 2860 945 2903 non
966 2840 1087 2904 dubito.
1111 2842 1194 2905 Nam
1214 2862 1288 2906 curn
1305 2842 1511 2907 ἀναπλάττειν

379 2941 543 3024 significet
554 2941 669 3007 “demo
680 2943 813 3027 fingere,
826 2944 995 3026 refingere,
1009 2944 1205 3009 reformare”
1219 2983 1261 2991 —
1274 2946 1364 3009 velut
1376 2947 1411 3008 in
1423 2945 1508 3008 Alex.

378 3043 415 3108 fr.
440 3047 469 3126 3,
494 3047 569 3127 422,
597 3047 663 3128 1,5
694 3046 744 3131 [K.
770 3051 820 3129 98,
840 3049 871 3132 5]
902 3048 995 3112 εὐθὺς
1025 3047 1258 3112 ἀναπλάττουςι
1286 3051 1406 3113 ταύτας
1436 3047 1508 3128 (scil.

378 3148 522 3229 ἑταίρας),
537 3147 558 3210 i.
572 3167 597 3212 e.
611 3151 716 3212 statim
734 3151 790 3213 has
805 3152 973 3233 refingnnt
984 3152 1080 3231 atque
1096 3151 1272 3214 reformant
1284 3187 1336 3230 -,
1354 3149 1507 3232 quomodo

378 3249 519 3334 intellegi
544 3255 680 3333 possunt
699 3253 797 3316 verba
816 3255 878 3317 ὑπὸ
899 3259 965 3318 τοῖς
985 3255 1072 3320 ὄνυξι
1092 3259 1192 3334 κηρὸν
1211 3253 1507 3332 ἀναπεπλαςμὲνοςῖ)

379 3351 505 3436 Optime
530 3361 640 3418 contra
664 3356 715 3420 hic
739 3375 773 3420 se
798 3356 894 3420 habet
916 3357 1051 3421 verbum
1077 3359 1294 3434 ὑποπλάττειν,
1319 3359 1339 3421 i.
1364 3377 1390 3421 ο.
1415 3355 1506 3421 subli-

377 3475 463 3522 nere.
493 3456 563 3533 Quo
585 3464 715 3542 recepto
739 3478 853 3524 versus
881 3461 928 3524 sic
956 3461 1131 3525 vertendus
1155 3465 1219 3526 est:
1250 3480 1323 3525 cum
1349 3459 1506 3546 unguibus

379 3579 453 3624 cera
476 3560 610 3624 sublitis.

468 3663 507 3727 V.
525 3666 589 3727 338
609 3665 642 3726 ίιι
659 3665 717 3729 RV
738 3667 785 3728 sic
804 3667 993 3730 exhibetur:
1018 3667 1110 3730 τοῦδ’
1126 3667 1249 3745 ἐφέξειν
1273 3665 1324 3749 (V,
1341 3667 1447 3746 ἔφεξιν
1462 3664 1502 3740 ut

378 3765 405 3828 rb
425 3764 541 3848 μάταιε,
557 3769 658 3830 ταῦτα
683 3771 763 3845 δράν
783 3789 815 3832 ςε
836 3769 995 3847 βούλεται,
1020 3767 1124 3832 Schol.
1144 3767 1175 3830 V
1194 3769 1314 3832 variam
1340 3769 1501 3832 lectionem

378 3868 504 3947 ὑφέξειν
521 3875 756 3932 commemorat.
781 3869 823 3932 nt
838 3867 928 3933 codd.
948 3876 980 3934 et
999 3870 1098 3933 schol.
1118 3871 1295 3952 scripturae
1315 3877 1425 3953 aperte
1441 3885 1502 3932 cor·

377 3977 490 4055 ruptae
509 3978 593 4036 sunt.
617 3971 773 4055 Equidem
794 3973 1008 4056 ffindorfium,
1030 3973 1338 4054 Mainehiun1,alios
1362 3977 1397 4038 in
1413 3970 1499 4036 verbo

377 4075 406 4139 R
429 4075 535 4154 ἔφεξιν
555 4077 753 4158 acquievisse
774 4078 879 4140 miror.
904 4076 1035 4140 “Fidem
1060 4078 1144 4141 enim
1170 4077 1225 4139 vin
1244 4083 1389 4141 meretur
1407 4075 1499 4154 Hesy-

378 4177 443 4241 chii
466 4177 571 4260 glossa
595 4177 714 4257 ἔφεξιν·
739 4181 837 4262 χάριν,
862 4181 963 4260 ἕνεκα,
987 4180 1122 4243 κώλυςιν
1146 4181 1165 4256 ἢ
1188 4179 1359 4260 πρόφαςιν,
1385 4197 1425 4243 ex
1446 4177 1498 4238 hoc

378 4282 447 4364 ipso
471 4281 542 4345 loco
565 4283 630 4344 iam
654 4284 832 4365 antiquitus
856 4282 1028 4365 depravato
1052 4282 1183 4365 petita”‚
1203 4287 1239 4344 ut
1262 4300 1336 4345 cum
1361 4281 1496 4346 Herwer-
