2894 4824
273 351 336 414 116
699 358 813 414 Victor
833 357 977 428 Coulon,

270 530 410 613 graphus
426 531 537 614 procul
554 531 652 595 dubio
669 536 701 595 et
719 531 839 595 librum
853 532 882 595 R
898 536 930 597 et
941 531 971 592 V
983 537 1142 596 vetustate
1157 538 1293 615 superat
1322 530 1400 595 Cum

270 639 375 697 autem
404 634 467 698 iam
491 634 681 718 Buengerus
703 656 733 718 p.
750 636 792 699 20
805 654 872 716 sqq.
896 634 1035 699 Schneei
1058 636 1215 698 rationem
1238 634 1400 715 refellerit,

268 737 302 799 in
326 739 536 821 occupatione
560 739 657 802 huius
681 738 817 821 amplius
840 739 961 802 versari
986 737 1243 821 supersedemus

358 840 641 924 Progredientibus
668 842 767 924 igitur
790 843 825 905 in
848 841 1016 905 enodanda
1037 840 1286 923 necessitudine,
1317 859 1398 923 quae

268 944 354 1008 inter
371 943 503 1009 Suidam
526 947 559 1008 et
581 944 709 1008 codices
726 944 790 1007 MA
806 943 991 1026 intercedat,
1016 963 1092 1008 oum
1114 943 1153 1008 da
1177 943 1401 1026 discrepantiis

268 1066 366 1131 supra
384 1049 587 1128 enumeratis,
611 1047 740 1130 qualem
761 1067 838 1130 praa
857 1066 891 1110 se
914 1047 1019 1110 ferant
1042 1048 1190 1130 speciem,
1214 1049 1249 1109 in
1272 1051 1400 1111 antece·

268 1151 356 1216 denti
383 1151 580 1234 paragrapho
608 1153 684 1214 satis
712 1150 834 1215 dictum
863 1149 955 1214 nobis
983 1151 1032 1232 sit,
1060 1151 1244 1234 proximum
1272 1150 1401 1214 videtur

268 1274 348 1333 essa,
372 1257 410 1318 ut
431 1255 519 1335 locis,
544 1254 663 1337 quibus
686 1257 717 1318 A
740 1259 773 1318 et
796 1254 831 1318 M
854 1275 873 1317 a
896 1259 986 1337 parte
1009 1254 1031 1318 S
1055 1257 1148 1335 stant,
1177 1273 1232 1318 eos
1260 1273 1400 1336 oppona-

267 1377 348 1440 mus,
372 1358 428 1421 ubi
444 1360 474 1422 A
490 1363 521 1423 et
540 1357 576 1421 M
599 1357 755 1422 adversus
775 1357 796 1421 S
819 1357 951 1421 faciunt.
980 1356 1050 1433 Qua
1072 1358 1106 1419 in
1131 1376 1165 1421 re
1188 1357 1237 1420 sic
1259 1375 1400 1440 agemus,

266 1470 305 1525 ut
326 1463 466 1545 primum
490 1481 545 1525 eos
568 1461 768 1544 proferamus
792 1479 914 1542 versus,
937 1461 972 1522 in
996 1459 1115 1543 quibus
1139 1462 1172 1523 ct
1187 1461 1217 1522 A
1234 1463 1267 1523 et
1288 1459 1323 1523 M
1344 1459 1399 1523 aS

267 1564 469 1646 dissentiunt,
493 1564 608 1630 deinde
633 1584 695 1646 αρε,
720 1564 776 1627 ubi
800 1563 835 1627 M
858 1584 877 1627 a
900 1564 930 1645 S,
955 1568 1023 1627 tum
1047 1582 1111 1642 eos,
1136 1563 1191 1627 ubi
1207 1565 1238 1627 A
1254 1563 1311 1627 aS
1335 1563 1399 1626 dis·

266 1673 390 1751 crepat3
423 1688 487 1750 quo
509 1668 558 1749 fit,
588 1673 626 1731 ut
647 1686 760 1732 versus
789 1667 945 1748 quosdam
975 1668 1039 1729 iam
1071 1667 1105 1729 in
1136 1666 1400 1730 antecedentibus

265 1771 390 1835 tabellis
417 1773 469 1853 (ἐξ
494 1774 523 1853 3,
549 1772 577 1851 6,
601 1772 634 1851 8)
663 1773 806 1834 enotatos
830 1790 896 1833 non
919 1769 1025 1833 denuo
1049 1769 1166 1834 afferre
1191 1787 1398 1852 nequeamus.

266 1873 390 1950 Quibus
418 1875 472 1937 alii
499 1874 563 1938 loci
586 1872 744 1936 addantur
766 1872 881 1936 litteris
906 1892 999 1953 „cum
1021 1872 1101 1936 ΒΨ(
1126 1872 1270 1955 praediti,
1300 1874 1355 1937 ubi
1376 1874 1397 1938 S

266 1980 298 2040 et
321 1997 339 2039 a
361 1976 391 2040 R
415 1982 447 2040 at
469 1977 533 2040 aV
549 1979 660 2040 contra
683 1975 748 2040 MA
772 1975 950 2039 adiuvatur.

283 2164 341 2201 vss,
501 2131 567 2195 MA
1117 2132 1138 2195 S

745 2237 901 2314 Equitum
912 2257 919 2297 :

310 2339 352 2400 56
376 2341 579 2417 περιδραμὼν
1016 2341 1236 2417 παραδραμὼν

287 2441 353 2503 230
376 2442 584 2524 ἑξῃκαεμὲνοι
1021 2440 1234 2519 ἐξεικαεμὲνοε

287 2545 350 2606 357
377 2545 493 2606 ἐκπιὼν
1060 2545 1191 2608 ἐπιπιὼν

286 2647 351 2708 408
377 2646 404 2722 iq
422 2649 523 2709 παιὼν
544 2650 658 2727 (παιῶν
671 2646 721 2725 'A)
734 2645 802 2728 ᾅεαι
1030 2647 1223 2725 ἰηπαιωνὶεαι
1277 2722 1279 2725 ,

287 2751 350 2811 543
376 2749 441 2832 κᾷτ’
459 2750 606 2813 ἐντεῦθεν
1040 2750 1212 2815 κάντεῦθεν

287 2853 350 2915 680
375 2852 647 2932 ὑπερεπύππαζόν
669 2853 703 2914 τὲ
727 2873 764 2930 με
940 2852 1246 2933 ὑπερεπυππάζοντό
1272 2875 1310 2931 με

287 2956 349 3018 761
374 2954 554 3036 προκεῑεθαί
577 2975 624 3018 cor
985 2958 1182 3036 προεικὲιῦαι
1205 2978 1263 3021 con

286 3060 349 3122 761
375 3058 532 3138 πρότερος
1045 3059 1205 3138 πρότερον

285 3164 348 3225 761
375 3164 411 3226 cd
914 3222 916 3225 ,
1096 3182 1156 3225 orn.

286 3266 349 3328 783
374 3286 407 3329 (ε
1094 3285 1155 3328 om.

285 3368 350 3430 846
374 3389 400 3431 τι
423 3373 490 3431 τῶν
1090 3372 1156 3431 τιῦν

285 3472 350 3534 856
374 3471 629 3550 καθαρπάεαντεε
951 3512 952 3516 =
1000 3470 1248 3535 καταεπὰεαντεε

733 3635 904 3696 Ranarnm
915 3655 922 3695 :

307 3737 347 3797 57
373 3735 499 3800 ἀτταταῖ
703 3806 705 3811 ,
964 3735 1108 3800 ἀππαπαῖ
1130 3755 1204 3799 cum
1230 3735 1287 3800 RV

286 3838 348 3900 138
372 3843 442 3903 πιῦε
464 3857 500 3913 γε
1082 3844 1157 3904 -πιῦε

286 3942 347 4004 189
372 3941 491 4006 οὕνεκα
1070 3945 1175 4007 εἵνεκα

284 4044 346 4106 217
373 4046 637 4125 κραιπαλόκωμοε
988 4047 1260 4124 κραιπαλαίκωμαε

283 4147 348 4210 270
371 4149 408 4210 τὸ
432 4151 551 4213 ναῦλον
929 4147 986 4210 τὸν
1010 4152 1133 4212 ναῦλον
1157 4167 1231 4212 oum
1254 4146 1314 4211 RV

283 4251 348 4314 296
371 4254 448 4315 ποτὲ
997 4251 1071 4316 τότε
1094 4271 1168 4315 cum
1191 4250 1250 4314 RV
