2978 4814
291 337 332 400 26
719 344 834 400 Victor
854 344 995 414 Coulon,

289 517 494 599 participium
517 517 605 581 οῦαν
629 516 753 580 illatum
776 522 832 580 est
855 515 969 599 Neque
985 516 1157 598 Blaydesio
1174 519 1340 600 assentior,
1365 518 1420 602 qui

288 619 493 704 participium
516 619 613 698 οὔπη(
628 621 768 684 retinere
785 619 855 683 vult
877 621 1066 703 pronomine
1090 620 1186 684 αὐτὸν
1211 621 1329 700 eiect03
1355 641 1418 703 quo

289 742 398 789 carere
422 723 552 786 omnino
576 743 641 786 non
665 742 844 806 possmnus
868 723 996 787 Similes
1016 728 1124 787 autem
1139 724 1352 786 inveniuntur
1374 723 1419 789 lo-

289 828 443 909 cutiones,
471 826 506 888 in
530 826 648 909 quibus
677 826 770 905 οὔπη(
793 827 845 890 vel
874 825 968 890 ὄντος
991 812 1250 890 subaudiendum
1274 832 1338 905 est3
1364 847 1420 892 no·

287 930 428 995 tissimae
451 929 525 993 illae
548 932 625 993 sunt
648 935 812 1012 χειμῶνος,
840 932 961 1011 θέρους,
989 929 1129 1013 ὀπώρας,
1154 929 1285 1012 ὄρθρου,
1309 933 1420 1014 δείλης,

287 1034 411 1115 ἡμέρας,
436 1033 576 1115 έεπέραε,
599 1035 746 1113 κνέφους,
770 1033 910 1115 (κόπους,
934 1032 1022 1097 uliae.
1156 1101 1160 1110 ,

376 1136 416 1199 In
440 1156 468 1198 v.
484 1137 549 1199 432
575 1136 609 1199 ἐν
633 1142 678 1219 τῷ
704 1138 794 1218 δήμῳ
819 1136 946 1214 γνώμα(
970 1135 1074 1200 οὐδεὶς
1096 1136 1209 1213 νικήςει
1229 1136 1376 1201 πλείονα(
1399 1136 1418 1215 ἢ

288 1239 323 1303 (ὑ
343 1238 372 1302 R
395 1238 526 1322 praebet
548 1242 677 1316 rattruut
694 1239 827 1315 μεγάλα(
846 1238 949 1303 οὐδεὶς
969 1239 1082 1315 νικήεει
1100 1238 1232 1315 πλέονῆ
1252 1237 1295 1320 εὑ,
1319 1237 1419 1302 s-V

286 1343 414 1419 γνώμα(
431 1340 533 1405 οὐδεὶς
547 1342 660 1418 νικήεει
676 1342 823 1404 πλείονα(
841 1340 916 1418 heri.
942 1339 1033 1417 Quod
1047 1339 1237 1422 Meinelrius
1250 1340 1419 1424 Bergkiusr,

286 1443 478 1526 Blaydesius
496 1443 668 1508 lectionem
687 1443 784 1507 s-V
803 1442 943 1526 amplexi
967 1449 1050 1524 sunt
1076 1463 1151 1507 oum
1169 1442 1292 1507 Kochio
1316 1442 1354 1507 ab
1379 1445 1420 1508 iis

287 1547 449 1612 dissentio.
486 1547 601 1629 Neque
630 1548 716 1610 enim
744 1546 938 1610 adiectivum
971 1547 1106 1625 μεγάλα(
1133 1551 1253 1611 temere
1278 1565 1419 1611 eversu

286 1651 468 1716 eiciendum
486 1657 541 1732 est
566 1670 640 1714 oum
663 1651 698 1712 in
715 1669 742 1712 ν.
760 1651 824 1713 433
842 1649 1041 1733 Strepsiades
1058 1649 1144 1713 dicat
1159 1651 1198 1728 μή
1216 1651 1303 1727 μοὶγε
1318 1651 1419 1726 λέγειν

284 1758 413 1833 γνώμα(
443 1755 585 1832 μεγάλας.
621 1753 749 1837 Optimo
779 1755 850 1818 iure
880 1753 1026 1818 Kockius
1057 1755 1091 1816 in
1122 1760 1275 1837 apparatu
1306 1755 1418 1818 critico

284 1858 424 1920 monuit:
457 1856 613 1935 “perdice
643 1858 686 1919 ist
708 1876 822 1940 wegen
845 1858 910 1919 433
940 1855 1112 1938 J'edentalls
1142 1855 1417 1921 beinubehalten”.

286 1959 356 2037 Quo
384 1958 541 2024 ediectivo
565 1980 584 2023 a
607 1959 744 2022 librariis
772 1967 902 2043 propter
930 1961 1066 2038 μεγάλα(
1094 1959 1129 2021 in
1157 1979 1185 2022 ν.
1205 1961 1270 2023 433
1300 1960 1417 2023 omisso

285 2067 371 2126 totus
399 2063 489 2127 locus
516 2063 702 2127 foedissime
729 2062 940 2145 interpolatus
969 2064 1024 2126 est.
1061 2061 1150 2138 Quae
1174 2082 1248 2126 cum
1278 2063 1322 2126 ita
1345 2062 1418 2144 sint

285 2166 390 2231 critici
414 2185 543 2230 versum
567 2166 762 2230 coniecturis
778 2184 892 2229 sanare
908 2164 1109 2228 studuerunt
1142 2165 1239 2229 Velut
1253 2164 1417 2229 Porsonus

284 2270 412 2347 γνώμα(
436 2270 573 2346 μεγάλα(
597 2270 708 2345 νικήεει
730 2269 880 2332 πλείονα(
903 2267 1008 2332 οὐδεὶς
1031 2269 1198 2351 proposuit
1217 2267 1323 2332 verbis
1342 2270 1361 2346 ἢ
1380 2269 1416 2332 (ὑ

284 2378 446 2453 tamquam
470 2371 660 2453 glossemate
684 2371 806 2434 deletis
838 2370 899 2434 Sed
925 2390 999 2434 curn
1022 2371 1056 2433 in
1080 2370 1108 2433 R
1132 2370 1252 2434 Aldina
1275 2370 1416 2435 editione

285 2474 511 2557 comprobante
534 2474 676 2556 genuina
697 2473 793 2537 lectio
818 2477 946 2550 rumpet
970 2475 1107 2551 μεγάλα(
1130 2479 1258 2537 servata
1281 2474 1331 2555 sit,
1354 2473 1417 2539 all

283 2576 555 2661 proficiscendum
579 2577 657 2639 mihi
681 2577 815 2640 videtur.
839 2574 951 2658 Itaque
970 2575 1095 2640 Koclrio
1119 2576 1274 2660 plaudere
1299 2576 1416 2658 malim,

284 2680 341 2762 qui
355 2678 435 2742 illud
451 2681 548 2743 πλέον
564 2679 597 2741 in
615 2679 719 2742 adnot
737 2679 777 2742 ad
798 2679 827 2741 h.
844 2699 872 2741 ν.
889 2679 1058 2743 defensum
1074 2679 1209 2743 retinuit
1225 2683 1257 2743 et
1272 2680 1415 2762 genitivo

283 2785 350 2863 (οῦ,
368 2783 424 2864 qui
440 2783 630 2865 glossemate
646 2784 665 2860 ἢ
681 2781 716 2846 cd
733 2782 888 2865 expulsus
905 2787 960 2862 est
977 2783 1011 2844 in
1028 2785 1152 2845 textum
1169 2782 1272 2866 posito
1284 2800 1415 2845 versum

283 2886 330 2949 sic
342 2886 485 2968 scripsit:
504 2886 537 2948 ἐν
550 2890 595 2968 τῷ
607 2886 696 2967 δήμῳ
710 2888 838 2962 γνώμα(
853 2886 987 2962 μεγάλα(
997 2887 1110 2962 νικήεει
1123 2889 1179 2948 (οὓ
1192 2885 1290 2949 πλέον
1303 2884 1415 2949 οὐδείς.

372 2987 411 3050 In
436 3008 463 3051 v.
482 2989 539 3050 511
566 2987 664 3052 s-V
680 2990 772 3052 ἕνεκα
797 2987 959 3069 exhibent
983 2987 1011 3051 R
1035 2989 1147 3052 εἵνεκα.
1171 2987 1244 3051 Ηοο
1267 2986 1337 3051 loco
1363 3006 1416 3051 oc·

283 3092 411 3155 cesione
434 3091 538 3155 oblata
562 3110 723 3174 exponere
747 3091 851 3173 liceat
881 3090 999 3173 quibus
1026 3090 1139 3154 formis
1164 3090 1259 3153 huius
1282 3109 1416 3173 praepo-

282 3194 406 3257 sitionis
430 3194 662 3277 Aristophanes
691 3212 770 3257 usus
801 3213 871 3259 essa
899 3194 1054 3257 videatur.
1090 3192 1129 3256 In
1158 3192 1324 3257 codicibus
1354 3193 1414 3257 hae

282 3299 372 3361 vocis
394 3297 516 3361 formae
538 3297 764 3361 inveniuntur:
791 3299 882 3361 ἕνεκα
905 3296 1005 3378 (ἕνεκ’,
1026 3296 1129 3377 ἕνεχ’),
1154 3295 1271 3360 οὕνεκα
1286 3293 1414 3377 (οὕνεκ’,

282 3399 407 3481 οὕνεχ’),
421 3402 526 3464 εἵνεκα
538 3402 641 3482 (εἵνεκ,
655 3400 771 3482 εἵνεχ’),
785 3401 899 3464 ἕνεκεν.
919 3401 987 3464 lam
998 3400 1088 3464 locos
1100 3400 1281 3479 alterumue,
1295 3399 1415 3481 quibus

281 3502 309 3567 R
333 3508 365 3567 et
380 3503 409 3564 V
426 3509 482 3567 out
503 3503 535 3584 ii,
561 3503 616 3585 qui
640 3523 697 3587 pro
714 3503 742 3565 V
759 3502 933 3567 adhibendi
957 3509 1033 3567 sunt
1057 3503 1184 3567 codices
1207 3503 1242 3566 in
1258 3502 1339 3566 Ach.
1359 3501 1412 3565 Ec.

280 3605 330 3669 Ls.
355 3605 481 3682 fabulis,
505 3606 590 3670 hanc
613 3607 880 3689 praepositionem
904 3606 1072 3690 praebent:

340 3733 396 3770 vss.
803 3709 862 3773 RV

279 3813 340 3875 Av.
392 3813 435 3875 84
459 3812 541 3874 trim.
558 3810 651 3875 iamb.
777 3812 869 3877 εἵνεκ’
1062 3812 1205 3876 numeris
1221 3830 1287 3875 non
1302 3810 1412 3874 invitis

370 3915 435 3977 293
460 3918 530 3978 tetr.
547 3914 646 3978 troch.
776 3915 893 3980 οὔνεκα

371 4019 433 4080 517
460 4020 530 4080 tetr.
546 4036 636 4099 anap.
777 4017 893 4082 οὕνεκα

370 4122 434 4182 855
459 4138 540 4183 vers.
560 4119 707 4202 strophae
722 4119 931 4185 iamb.-trech.
948 4121 1039 4185 ἕνεκα
1129 4169 1145 4199 ,,
1255 4169 1262 4200 ,
1359 4168 1366 4199 ,

349 4224 434 4286 1274
459 4224 541 4286 trim.
557 4223 650 4287 iamb.
776 4223 893 4287 olivero
