3406 4786
149 367 300 436 Epistulae
315 367 471 422 amatoriae
489 367 629 437 quomodo
643 367 814 424 cohaereant
827 383 890 422 curn
904 368 1000 438 elegiis
1011 367 1216 424 Alexandrinis.
1246 363 1288 425 53

150 539 348 622 periculis
372 545 450 603 sunt
465 539 535 604 etc?
566 537 712 615 Quocum
731 539 876 605 conteras
892 540 908 603 Ι
922 540 962 603 13
980 541 1193 604 Aristaeneti:
1217 541 1289 606 τότε

155 646 257 720 δῆθεν
276 643 358 720 πρὸς
379 642 516 721 ἀνάγκης
535 640 600 706 ιΙιδε
620 644 676 707 ςὺν
696 642 774 725 ὀργῆ
798 645 855 721 τῆν
874 644 972 708 αἰτίαν
989 643 1103 710 ἐξεῖπε·
1123 643 1194 723 ’τῆς
1213 644 1289 723 ἐμῆς

152 749 290 823 γαμετῆς
314 743 410 810 οὗτος
435 746 579 811 ἐκτόπως
604 746 662 829 ἐρᾷ
685 748 734 810 καὶ
761 747 940 829 παρανόμῳ
963 749 1086 826 τήκεται
1113 747 1216 830 πόθῳ,
1240 749 1290 811 καὶ

155 851 326 926 Ζηλοτυπῶ
349 851 407 913 τόν
427 847 604 927 ἄνθρωπον
624 849 684 927 ἢδη
708 849 758 912 καὶ
782 848 822 912 οὐ
842 850 935 927 φέρω
960 849 1037 913 θέαν
1058 848 1290 927 ἀπειλουμένου

156 949 322 1029 μοιχοῡ’.
347 948 366 1014 ό
381 953 491 1016 τοίνυν
503 951 672 1030 Πολυκλῆς
688 1002 695 1015 .
713 1001 719 1014 .
737 1001 743 1015 .
765 951 823 1016 οὐκ
842 951 1007 1030 ἀπώκνηςε
1025 953 1096 1030 περὶ
1113 955 1170 1030 τῆς
1189 950 1290 1016 αὐτοῦ

155 1055 307 1128 γυναικὸς
336 1054 393 1118 τὸν
417 1053 526 1133 ἰατρὸν
554 1055 710 1132 ἱκετεύειν,
739 1054 913 1129 ἀναγκαίαν
937 1056 1007 1118 τινὰ
1035 1056 1223 1134 ςωτηρίαν
1251 1053 1291 1118 οὐ

156 1156 330 1234 μοιχείαν
346 1157 383 1220 τὸ
400 1160 528 1236 πρᾶγμα
544 1160 657 1221 καλῶν.
682 1157 725 1221 ἔτι
743 1160 779 1221 δὲ
794 1160 926 1221 τοιαῦτα
943 1158 1098 1236 δεομένου
1113 1159 1173 1222 τοῦ
1185 1157 1291 1221 Πολυ-

157 1260 280 1339 κλέους,
298 1259 510 1326 ὁΠανάκειος
526 1263 697 1336 διωλύγιον
713 1261 850 1339 κατεβόα
866 1261 1008 1341 φάςκων,
1025 1258 1138 1338 οἷάπερ
1155 1259 1237 1325 εἰκὸς
1252 1259 1291 1337 ῆν

157 1362 348 1440 φθέγγεςθαι
362 1365 617 1428 δεινοπαθοῦντα
633 1364 691 1428 τὸν
707 1362 925 1441 αἰνιττόμενον
938 1361 970 1428 ἐξ
982 1363 1093 1441 ίατροῡ
1107 1365 1292 1442 μεταβαλεῖν

157 1464 199 1528 είς
223 1466 443 1543 μαςτροπόν
468 1464 627 1550 [μοιχείας
653 1464 713 1550 καὶ]
737 1468 793 1543 τῆς
814 1466 929 1530 ἑαυτοῦ
949 1468 1095 1548 γαμετῆς,
1119 1466 1145 1530 εί
1164 1467 1205 1544 μῆ
1230 1485 1292 1545 φα-

156 1570 260 1645 νερῶς
286 1563 391 1632 οὕτως
418 1571 484 1633 τοῖς
514 1567 652 1647 ῥῆμαςιν.
692 1569 757 1632 ἐπεὶ
786 1571 821 1632 δέ
845 1569 938 1632 πάλιν
961 1567 1097 1633 ἐνέκειτο
1120 1569 1291 1645 Πολυκλῆς

156 1669 336 1748 ἀντιβολῶν
352 1671 411 1734 τὸν
429 1669 540 1754 ἄνδρα,
557 1673 607 1735 καὶ
623 1672 720 1735 πάλιν
736 1671 921 1749 ςωτηρίαν
939 1670 982 1736 οὐ
1001 1673 1173 1751 μοιχείαν
1190 1670 1292 1735 ἐκάλει

155 1773 192 1834 τὸ
218 1775 347 1849 πρᾶγμα
374 1775 460 1838 κ.τ.ἐ.
500 1773 686 1838 Artificium
716 1776 803 1837 certe
830 1773 1008 1839 rhetoricae
1036 1773 1228 1838 narrationis
1256 1774 1291 1836 in

156 1875 270 1941 eadem
284 1896 320 1941 re
333 1878 525 1960 continetur,
540 1879 575 1941 iu
588 1898 651 1961 qua
663 1877 827 1942 rhetorum
841 1878 1073 1958 controversia,
1087 1877 1171 1962 apud
1183 1896 1293 1941 rerum

156 1986 264 2043 autern
279 1981 452 2064 scriptores
465 1981 572 2045 omnia
584 1981 664 2045 haec
676 1980 800 2045 desunt.
824 1979 925 2044 Vides
936 1980 1082 2045 rhetoras
1094 1982 1235 2065 primum
1251 1998 1292 2044 ex

156 2081 294 2145 historia
314 2101 383 2146 rem
398 2083 546 2166 petiisse3
568 2103 652 2164 nam,
668 2086 705 2146 ut
723 2081 897 2146 Suetonius
917 2083 962 2146 ait
981 2083 1033 2164 (ci.
1051 2082 1090 2148 de
1110 2081 1293 2147 rhetoribus

157 2204 225 2268 cap.
237 2186 275 2266 1),
289 2183 426 2249 ‘veteres
438 2187 676 2250 controversiae
689 2205 730 2250 ex
744 2185 888 2250 historiis
903 2185 1137 2260 trahebantur’;
1150 2185 1294 2250 Aristae-

156 2286 271 2346 netum
283 2281 400 2348 deinde
410 2288 442 2347 et
451 2302 558 2347 rerum
570 2284 780 2367 scriptoribus
791 2285 824 2348 et
831 2285 997 2349 rhetorum
1008 2283 1293 2350 exercitationibus

157 2407 255 2451 usum
276 2406 363 2464 esse;
387 2386 427 2452 ab
451 2388 502 2451 his
525 2389 669 2471 sumpsit,
694 2386 779 2471 quod
805 2386 845 2451 ad
869 2407 928 2453 sua
946 2391 1090 2473 tempora
1112 2389 1295 2452 narratiun-

159 2489 266 2554 culam
283 2490 447 2554 transtulit
462 2493 495 2554 et
510 2491 658 2555 oratoriis
675 2491 837 2555 coloribus
856 2491 1035 2573 exornavit,
1055 2510 1096 2556 ex
1114 2490 1188 2571 illis,
1208 2489 1295 2573 quod

158 2594 193 2656 in
217 2594 287 2677 ipsa
309 2594 492 2658 narratione
516 2595 648 2678 propius
671 2594 711 2658 ad
734 2614 843 2658 rerum
867 2593 1040 2677 scriptores
1064 2592 1209 2657 accessit

251 2696 372 2760 Similis
396 2700 445 2761 est
467 2716 520 2761 res
542 2698 577 2761 in
597 2697 734 2781 epistula
757 2697 859 2778 1110,
888 2716 952 2779 qua
974 2696 1168 2779 Philopinax
1191 2695 1297 2779 pictor

159 2817 195 2863 se
214 2818 323 2863 amore
341 2799 494 2883 imaginis
516 2801 653 2883 virginis
672 2820 691 2863 a
712 2819 746 2864 se
769 2800 884 2883 pictae,
909 2799 1003 2864 cuius
1022 2797 1296 2881 pulchritudinem

161 2901 323 2984 describit,
340 2901 486 2986 deperire
502 2903 630 2967 latetur.
655 2903 745 2967 Inter
758 2903 868 2968 Severi
885 2902 1024 2984 (Rhetor.
1035 2901 1144 2985 graeci
1158 2900 1175 2964 Ι
1191 2920 1219 2985 p.
1231 2901 1296 2963 546

161 3005 209 3069 ed.
222 3005 325 3085 Walz)
349 3009 381 3069 et
402 3005 531 3070 Libanii
554 3007 611 3088 (IV
631 3008 714 3071 1091
741 3005 790 3071 ed.
807 3005 936 3087 Reislre)
958 3005 1123 3070 rhetorum
1149 3002 1297 3086 exempla

160 3108 466 3192 prosopopoeiarum
478 3129 580 3173 unum
592 3109 719 3193 legitur,
732 3107 820 3192 quod
831 3128 896 3172 non
909 3108 1013 3173 solum
1027 3109 1225 3192 argumento,
1239 3105 1296 3170 sed

161 3212 257 3275 etiarn
275 3211 411 3295 singulis
427 3212 597 3276 sententiis
614 3232 688 3276 curn
704 3212 758 3276 illa
775 3211 913 3296 epistula
925 3210 1122 3274 Aristaeneti
1139 3209 1296 3292 congruit

162 3313 362 3397 Quamquam
384 3314 463 3379 haec
481 3334 533 3378 res
551 3317 597 3378 ita
615 3334 650 3379 se
670 3313 775 3396 habet,
800 3317 908 3378 tumen
927 3313 1010 3378 hanc
1029 3312 1068 3376 ab
1087 3311 1151 3376 illis
1172 3313 1296 3375 tanturn

161 3415 303 3501 pendere
326 3435 418 3501 nego,
442 3415 528 3500 quod
551 3416 676 3482 mediae
699 3421 804 3501 partes
827 3416 985 3500 epistulae
1010 3420 1042 3480 et
1064 3415 1296 3478 rhetoricarum

162 3520 431 3585 exercitationum
451 3541 469 3584 a
487 3539 522 3584 se
546 3520 749 3601 dissentiunt,
773 3526 806 3584 et
829 3519 967 3583 elocutio
984 3517 1182 3582 Aristaeneti
1201 3516 1297 3599 longe

162 3622 282 3687 abillis
306 3622 451 3687 discedit
483 3622 631 3686 Eundem
655 3625 860 3705 praetereas,
883 3623 919 3686 ni
936 3621 1038 3704 fallor,
1058 3621 1180 3684 fontem
1199 3625 1296 3702 atque

162 3725 237 3790 illae
257 3725 345 3806 adiit,
369 3725 432 3790 hoc
450 3729 499 3790 est
516 3725 658 3789 fabulam
679 3723 719 3790 de
738 3725 958 3809 Pygmaliona
990 3723 1039 3788 De
1057 3742 1193 3808 persona
1211 3722 1298 3786 illius

162 3832 335 3915 scriptores
347 3830 433 3894 inter
444 3848 479 3894 se
491 3849 557 3893 non
571 3836 760 3912 congruunt.
783 3829 880 3913 Apud
893 3827 1180 3912 Philostephanum
1191 3826 1299 3911 (Frag-

164 3940 273 3998 menta
295 3933 533 3998 Historicorum
558 3933 752 3997 Graecorum
776 3932 900 3996 vorm
924 3951 953 4015 p.
968 3933 1008 3995 31
1035 3929 1224 4013 edMiiller)
1244 3931 1299 3995 ille

164 4047 212 4103 est
240 4058 300 4103 rex
332 4038 439 4122 Cypri,
473 4039 528 4122 qui
560 4057 668 4102 amore
701 4040 825 4101 statuae
856 4036 1017 4101 eburneae
1049 4035 1181 4118 deperit,
1214 4034 1299 4119 apud

165 4141 317 4207 Ovidium
342 4141 562 4227 (Metamorph.
579 4141 612 4205 X
630 4142 693 4204 243
706 4140 796 4226 squ),
820 4158 916 4222 quem
940 4138 1138 4222 exemplaria
1159 4137 1300 4203 Alexan-

164 4245 331 4310 drinomm
367 4244 578 4328 exscripsisse
612 4244 787 4310 verisimile
821 4247 877 4326 est,
913 4242 1040 4325 artifex,
1074 4243 1131 4327 qui
1162 4245 1299 4307 statuam
