<?xml version="1.0" encoding="UTF-8"?>
<!DOCTYPE html PUBLIC "-//W3C//DTD XHTML 1.0 Transitional//EN"
    "http://www.w3.org/TR/xhtml1/DTD/xhtml1-transitional.dtd">
<html xmlns="http://www.w3.org/1999/xhtml" xml:lang="en" lang="en">
 <head>
  <title>
</title>
<meta http-equiv="Content-Type" content="text/html;charset=utf-8" />
  <meta name='ocr-system' content='tesseract 3.04.00' />
  <meta name='ocr-capabilities' content='ocr_page ocr_carea ocr_par ocr_line ocrx_word'/>
</head>
<body>
  <div class='ocr_page' id='page_1' title='image "./dissertationesp03stragoog_0949.png"; bbox 0 0 3248 4910; ppageno 0'>
   <div class='ocr_carea' id='block_1_1' title="bbox 351 405 1057 484">
    <p class='ocr_par' dir='ltr' id='par_1_1' title="bbox 351 405 1057 484">
     <span class='ocr_line' id='line_1_1' title="bbox 351 405 1057 484; baseline 0.001 -16"><span class='ocrx_word' id='word_1_1' title='bbox 351 405 414 469; x_wconf 85' lang='lat'>108</span> <span class='ocrx_word' id='word_1_2' title='bbox 779 413 814 469; x_wconf 82' lang='lat' dir='ltr'>M.</span> <span class='ocrx_word' id='word_1_3' title='bbox 833 413 1057 484; x_wconf 84' lang='lat' dir='ltr'>Heinomann,</span> 
     </span>
    </p>
   </div>
   <div class='ocr_carea' id='block_1_2' title="bbox 349 579 1482 772">
    <p class='ocr_par' dir='ltr' id='par_1_2' title="bbox 349 579 1482 772">
     <span class='ocr_line' id='line_1_2' title="bbox 350 579 1482 668; baseline 0 -19"><span class='ocrx_word' id='word_1_4' title='bbox 350 579 443 650; x_wconf 85' lang='grc' dir='ltr'>οἷεθα</span> <span class='ocrx_word' id='word_1_5' title='bbox 471 587 507 650; x_wconf 82' lang='grc' dir='ltr'>δὲ</span> <span class='ocrx_word' id='word_1_6' title='bbox 530 583 609 650; x_wconf 73' lang='lat' dir='ltr'>hrot</span> <span class='ocrx_word' id='word_1_7' title='bbox 626 587 735 665; x_wconf 88' lang='grc' dir='ltr'>Ἔρως</span> <span class='ocrx_word' id='word_1_8' title='bbox 763 585 1005 665; x_wconf 81' lang='grc' dir='ltr'>ἀντιςτρατεύειν</span> <span class='ocrx_word' id='word_1_9' title='bbox 1032 591 1098 652; x_wconf 81' lang='grc' dir='ltr'>τοῖς</span> <span class='ocrx_word' id='word_1_10' title='bbox 1126 587 1369 668; x_wconf 86' lang='grc' dir='ltr'>ὑπερηφανοῡςι</span> <span class='ocrx_word' id='word_1_11' title='bbox 1397 587 1482 664; x_wconf 85' lang='grc' dir='ltr'>φιλεῖ</span> 
     </span>
     <span class='ocr_line' id='line_1_3' title="bbox 349 687 902 772; baseline 0 -20"><span class='ocrx_word' id='word_1_12' title='bbox 349 690 381 752; x_wconf 90' lang='lat' dir='ltr'>et</span> <span class='ocrx_word' id='word_1_13' title='bbox 402 687 607 753; x_wconf 79' lang='lat' dir='ltr'>Theocritum</span> <span class='ocrx_word' id='word_1_14' title='bbox 630 687 757 772; x_wconf 81' lang='lat' dir='ltr'>xxm,</span> <span class='ocrx_word' id='word_1_15' title='bbox 776 689 826 753; x_wconf 89' lang='grc'>62.</span> <span class='ocrx_word' id='word_1_16' title='bbox 844 689 902 753; x_wconf 87' lang='grc'>63;</span> 
     </span>
    </p>
   </div>
   <div class='ocr_carea' id='block_1_3' title="bbox 415 805 1353 988">
    <p class='ocr_par' dir='ltr' id='par_1_3' title="bbox 415 805 1353 988">
     <span class='ocr_line' id='line_1_4' title="bbox 416 805 1252 886; baseline 0 -17"><span class='ocrx_word' id='word_1_17' title='bbox 416 805 543 884; x_wconf 86' lang='grc' dir='ltr'>Χαίρετε</span> <span class='ocrx_word' id='word_1_18' title='bbox 565 807 614 870; x_wconf 88' lang='grc' dir='ltr'>τοὶ</span> <span class='ocrx_word' id='word_1_19' title='bbox 638 805 855 886; x_wconf 58' lang='lat' dir='ltr'>euhemero</span> <span class='ocrx_word' id='word_1_20' title='bbox 879 806 940 885; x_wconf 88' lang='grc' dir='ltr'>γὰρ</span> <span class='ocrx_word' id='word_1_21' title='bbox 965 809 1060 884; x_wconf 83' lang='grc' dir='ltr'>μιςῶν</span> <span class='ocrx_word' id='word_1_22' title='bbox 1083 805 1252 886; x_wconf 84' lang='grc' dir='ltr'>ἐφονεύθη.</span> 
     </span>
     <span class='ocr_line' id='line_1_5' title="bbox 415 905 1353 988; baseline 0 -16"><span class='ocrx_word' id='word_1_23' title='bbox 415 910 567 988; x_wconf 82' lang='grc' dir='ltr'>Στέργετε</span> <span class='ocrx_word' id='word_1_24' title='bbox 590 909 619 972; x_wconf 87' lang='grc' dir='ltr'>δ’</span> <span class='ocrx_word' id='word_1_25' title='bbox 636 909 665 974; x_wconf 90' lang='grc' dir='ltr'>οἱ</span> <span class='ocrx_word' id='word_1_26' title='bbox 689 911 865 988; x_wconf 85' lang='grc' dir='ltr'>μιςεῦντες·</span> <span class='ocrx_word' id='word_1_27' title='bbox 890 908 908 973; x_wconf 88' lang='grc' dir='ltr'>ὁ</span> <span class='ocrx_word' id='word_1_28' title='bbox 933 908 995 988; x_wconf 88' lang='grc' dir='ltr'>γὰρ</span> <span class='ocrx_word' id='word_1_29' title='bbox 1020 911 1094 975; x_wconf 90' lang='grc' dir='ltr'>θεὸς</span> <span class='ocrx_word' id='word_1_30' title='bbox 1118 905 1186 974; x_wconf 84' lang='grc' dir='ltr'>οἶδε</span> <span class='ocrx_word' id='word_1_31' title='bbox 1210 911 1353 976; x_wconf 79' lang='grc' dir='ltr'>δικάζειν.</span> 
     </span>
    </p>
   </div>
   <div class='ocr_carea' id='block_1_4' title="bbox 346 1033 1479 1749">
    <p class='ocr_par' dir='ltr' id='par_1_4' title="bbox 346 1033 1479 1749">
     <span class='ocr_line' id='line_1_6' title="bbox 347 1033 1479 1118; baseline 0 -20"><span class='ocrx_word' id='word_1_32' title='bbox 347 1039 380 1098; x_wconf 90' lang='lat' dir='ltr'>et</span> <span class='ocrx_word' id='word_1_33' title='bbox 397 1033 582 1098; x_wconf 73' lang='lat' dir='ltr'>Philostrati</span> <span class='ocrx_word' id='word_1_34' title='bbox 602 1033 771 1118; x_wconf 80' lang='lat' dir='ltr'><strong>epistulam</strong></span> <span class='ocrx_word' id='word_1_35' title='bbox 794 1035 835 1097; x_wconf 88' lang='grc'>14</span> <span class='ocrx_word' id='word_1_36' title='bbox 852 1035 934 1115; x_wconf 82' lang='lat'>(10):</span> <span class='ocrx_word' id='word_1_37' title='bbox 956 1033 1014 1098; x_wconf 87' lang='grc' dir='ltr'>Ναλ</span> <span class='ocrx_word' id='word_1_38' title='bbox 1027 1035 1144 1117; x_wconf 85' lang='grc' dir='ltr'>Ἔρως,</span> <span class='ocrx_word' id='word_1_39' title='bbox 1168 1037 1218 1100; x_wconf 86' lang='grc' dir='ltr'>ναὶ</span> <span class='ocrx_word' id='word_1_40' title='bbox 1239 1035 1376 1116; x_wconf 79' lang='grc' dir='ltr'>Νέμεςις,</span> <span class='ocrx_word' id='word_1_41' title='bbox 1396 1034 1479 1100; x_wconf 81' lang='grc' dir='ltr'>ὀξεῖς</span> 
     </span>
     <span class='ocr_line' id='line_1_7' title="bbox 347 1135 1478 1220; baseline 0.001 -20"><span class='ocrx_word' id='word_1_42' title='bbox 347 1138 414 1202; x_wconf 90' lang='grc' dir='ltr'>θεοὶ</span> <span class='ocrx_word' id='word_1_43' title='bbox 436 1139 487 1200; x_wconf 91' lang='grc' dir='ltr'>καὶ</span> <span class='ocrx_word' id='word_1_44' title='bbox 510 1137 728 1216; x_wconf 79' lang='grc' dir='ltr'>(τρεφόμενοι.</span> <span class='ocrx_word' id='word_1_45' title='bbox 765 1135 880 1219; x_wconf 84' lang='lat' dir='ltr'>Neque</span> <span class='ocrx_word' id='word_1_46' title='bbox 903 1136 977 1220; x_wconf 91' lang='lat' dir='ltr'>plus</span> <span class='ocrx_word' id='word_1_47' title='bbox 1000 1135 1164 1200; x_wconf 89' lang='lat' dir='ltr'>lucramur</span> <span class='ocrx_word' id='word_1_48' title='bbox 1187 1136 1310 1202; x_wconf 86' lang='lat' dir='ltr'>collatis</span> <span class='ocrx_word' id='word_1_49' title='bbox 1334 1137 1478 1202; x_wconf 83' lang='lat' dir='ltr'>Aristae-</span> 
     </span>
     <span class='ocr_line' id='line_1_8' title="bbox 346 1239 1477 1321; baseline 0.003 -19"><span class='ocrx_word' id='word_1_50' title='bbox 346 1241 413 1304; x_wconf 86' lang='lat' dir='ltr'>neti</span> <span class='ocrx_word' id='word_1_51' title='bbox 433 1239 557 1304; x_wconf 86' lang='lat' dir='ltr'>verbis:</span> <span class='ocrx_word' id='word_1_52' title='bbox 582 1243 692 1319; x_wconf 88' lang='grc' dir='ltr'>χρῆςαι</span> <span class='ocrx_word' id='word_1_53' title='bbox 710 1242 817 1305; x_wconf 81' lang='grc' dir='ltr'>τοίνυν</span> <span class='ocrx_word' id='word_1_54' title='bbox 836 1243 903 1305; x_wconf 86' lang='grc' dir='ltr'>τοῖς</span> <span class='ocrx_word' id='word_1_55' title='bbox 921 1243 978 1317; x_wconf 81' lang='grc' dir='ltr'>μὲν</span> <span class='ocrx_word' id='word_1_56' title='bbox 998 1241 1255 1320; x_wconf 76' lang='grc' dir='ltr'>ὑποκρινομένοις</span> <span class='ocrx_word' id='word_1_57' title='bbox 1276 1245 1378 1321; x_wconf 82' lang='grc' dir='ltr'>φιλεῖν</span> <span class='ocrx_word' id='word_1_58' title='bbox 1398 1242 1477 1306; x_wconf 85' lang='grc' dir='ltr'>ἑται-</span> 
     </span>
     <span class='ocr_line' id='line_1_9' title="bbox 348 1343 1476 1426; baseline 0 -19"><span class='ocrx_word' id='word_1_59' title='bbox 348 1347 454 1424; x_wconf 83' lang='grc' dir='ltr'>ρικῶς,</span> <span class='ocrx_word' id='word_1_60' title='bbox 481 1347 548 1408; x_wconf 86' lang='grc' dir='ltr'>τοῖς</span> <span class='ocrx_word' id='word_1_61' title='bbox 576 1346 612 1408; x_wconf 84' lang='grc' dir='ltr'>δὲ</span> <span class='ocrx_word' id='word_1_62' title='bbox 639 1343 773 1422; x_wconf 86' lang='grc' dir='ltr'>γνηςίοις</span> <span class='ocrx_word' id='word_1_63' title='bbox 802 1343 942 1422; x_wconf 85' lang='grc' dir='ltr'>ἑροιςταῑς</span> <span class='ocrx_word' id='word_1_64' title='bbox 972 1346 1183 1423; x_wconf 85' lang='grc' dir='ltr'>φιλικώτερον</span> <span class='ocrx_word' id='word_1_65' title='bbox 1211 1345 1244 1408; x_wconf 86' lang='lat' dir='ltr'>et</span> <span class='ocrx_word' id='word_1_66' title='bbox 1269 1343 1389 1408; x_wconf 75' lang='lat' dir='ltr'>Tibulli</span> <span class='ocrx_word' id='word_1_67' title='bbox 1411 1343 1476 1426; x_wconf 88' lang='lat'>18,</span> 
     </span>
     <span class='ocr_line' id='line_1_10' title="bbox 347 1447 465 1529; baseline 0 -20"><span class='ocrx_word' id='word_1_68' title='bbox 347 1447 389 1509; x_wconf 87' lang='grc'>49</span> <span class='ocrx_word' id='word_1_69' title='bbox 403 1464 465 1529; x_wconf 91' lang='lat' dir='ltr'>sq.:</span> 
     </span>
     <span class='ocr_line' id='line_1_11' title="bbox 420 1561 1409 1646; baseline 0 -20"><span class='ocrx_word' id='word_1_70' title='bbox 420 1561 493 1626; x_wconf 87' lang='lat' dir='ltr'>Neu</span> <span class='ocrx_word' id='word_1_71' title='bbox 517 1561 698 1626; x_wconf 80' lang='lat' dir='ltr'>Marathum</span> <span class='ocrx_word' id='word_1_72' title='bbox 721 1567 851 1644; x_wconf 87' lang='lat' dir='ltr'>torque:</span> <span class='ocrx_word' id='word_1_73' title='bbox 875 1581 976 1645; x_wconf 90' lang='lat' dir='ltr'>puero</span> <span class='ocrx_word' id='word_1_74' title='bbox 1000 1581 1082 1645; x_wconf 88' lang='lat' dir='ltr'>quae</span> <span class='ocrx_word' id='word_1_75' title='bbox 1104 1562 1206 1646; x_wconf 83' lang='lat' dir='ltr'>gloria</span> <span class='ocrx_word' id='word_1_76' title='bbox 1228 1563 1313 1628; x_wconf 84' lang='lat' dir='ltr'>victo</span> <span class='ocrx_word' id='word_1_77' title='bbox 1338 1563 1409 1627; x_wconf 84' lang='lat' dir='ltr'>est?</span> 
     </span>
     <span class='ocr_line' id='line_1_12' title="bbox 475 1665 1132 1749; baseline 0.002 -21"><span class='ocrx_word' id='word_1_78' title='bbox 475 1665 514 1728; x_wconf 92' lang='lat' dir='ltr'>In</span> <span class='ocrx_word' id='word_1_79' title='bbox 538 1671 662 1730; x_wconf 89' lang='lat' dir='ltr'>veteres</span> <span class='ocrx_word' id='word_1_80' title='bbox 686 1671 754 1730; x_wconf 89' lang='lat' dir='ltr'>esto</span> <span class='ocrx_word' id='word_1_81' title='bbox 778 1665 867 1747; x_wconf 75' lang='lat' dir='ltr'>dura</span> <span class='ocrx_word' id='word_1_82' title='bbox 891 1665 1005 1749; x_wconf 71' lang='lat' dir='ltr'>puella,</span> <span class='ocrx_word' id='word_1_83' title='bbox 1029 1684 1132 1731; x_wconf 88' lang='lat' dir='ltr'>senes.</span> 
     </span>
    </p>
   </div>
   <div class='ocr_carea' id='block_1_5' title="bbox 437 1781 1606 1866">
    <p class='ocr_par' dir='ltr' id='par_1_5' title="bbox 437 1781 1606 1866">
     <span class='ocr_line' id='line_1_13' title="bbox 437 1781 1606 1866; baseline 0 -20"><span class='ocrx_word' id='word_1_84' title='bbox 437 1781 715 1866; x_wconf 86' lang='lat' dir='ltr'>Supervacaneum</span> <span class='ocrx_word' id='word_1_85' title='bbox 735 1787 814 1865; x_wconf 88' lang='lat' dir='ltr'>puto</span> <span class='ocrx_word' id='word_1_86' title='bbox 830 1801 885 1846; x_wconf 89' lang='lat' dir='ltr'>eos</span> <span class='ocrx_word' id='word_1_87' title='bbox 900 1781 998 1865; x_wconf 92' lang='lat' dir='ltr'>locos,</span> <span class='ocrx_word' id='word_1_88' title='bbox 1014 1801 1095 1865; x_wconf 92' lang='lat' dir='ltr'>quos</span> <span class='ocrx_word' id='word_1_89' title='bbox 1110 1802 1152 1847; x_wconf 85' lang='lat' dir='ltr'>ex</span> <span class='ocrx_word' id='word_1_90' title='bbox 1168 1781 1239 1846; x_wconf 91' lang='lat' dir='ltr'>aliis</span> <span class='ocrx_word' id='word_1_91' title='bbox 1258 1781 1373 1866; x_wconf 83' lang='lat' dir='ltr'>elegiis</span> <span class='ocrx_word' id='word_1_92' title='bbox 1390 1781 1476 1846; x_wconf 85' lang='lat' dir='ltr'>Goll·</span> <span class='ocrx_word' id='word_1_93' title='bbox 1605 1803 1606 1810; x_wconf 29' lang='grc' dir='ltr'>ι</span> 
     </span>
    </p>
   </div>
   <div class='ocr_carea' id='block_1_6' title="bbox 346 1884 1476 2260">
    <p class='ocr_par' dir='ltr' id='par_1_6' title="bbox 346 1884 1476 2260">
     <span class='ocr_line' id='line_1_14' title="bbox 346 1884 1475 1968; baseline 0 -20"><span class='ocrx_word' id='word_1_94' title='bbox 346 1885 494 1950; x_wconf 89' lang='lat' dir='ltr'>nischius</span> <span class='ocrx_word' id='word_1_95' title='bbox 510 1885 615 1967; x_wconf 65' lang='lat' dir='ltr'>affert,</span> <span class='ocrx_word' id='word_1_96' title='bbox 632 1885 832 1965; x_wconf 67' lang='lat' dir='ltr'>examinum</span> <span class='ocrx_word' id='word_1_97' title='bbox 849 1884 904 1948; x_wconf 90' lang='lat' dir='ltr'>tali</span> <span class='ocrx_word' id='word_1_98' title='bbox 919 1887 1043 1950; x_wconf 90' lang='lat' dir='ltr'>ratione</span> <span class='ocrx_word' id='word_1_99' title='bbox 1060 1888 1183 1950; x_wconf 83' lang='lat' dir='ltr'>oartmn</span> <span class='ocrx_word' id='word_1_100' title='bbox 1200 1885 1363 1968; x_wconf 80' lang='lat' dir='ltr'>quoddam</span> <span class='ocrx_word' id='word_1_101' title='bbox 1375 1886 1475 1950; x_wconf 81' lang='lat' dir='ltr'>Alex·</span> 
     </span>
     <span class='ocr_line' id='line_1_15' title="bbox 346 1987 1476 2072; baseline 0 -20"><span class='ocrx_word' id='word_1_102' title='bbox 346 1987 553 2053; x_wconf 86' lang='lat' dir='ltr'>andrinorum</span> <span class='ocrx_word' id='word_1_103' title='bbox 578 2007 707 2052; x_wconf 90' lang='lat' dir='ltr'>carmen</span> <span class='ocrx_word' id='word_1_104' title='bbox 735 2007 801 2052; x_wconf 89' lang='lat' dir='ltr'>non</span> <span class='ocrx_word' id='word_1_105' title='bbox 827 1989 1013 2072; x_wconf 87' lang='lat' dir='ltr'>recuperari</span> <span class='ocrx_word' id='word_1_106' title='bbox 1041 2007 1139 2072; x_wconf 89' lang='lat' dir='ltr'>supra</span> <span class='ocrx_word' id='word_1_107' title='bbox 1166 1989 1387 2072; x_wconf 74' lang='lat' dir='ltr'>exposuimus,</span> <span class='ocrx_word' id='word_1_108' title='bbox 1427 1988 1476 2053; x_wconf 76' lang='lat' dir='ltr'>Ne</span> 
     </span>
     <span class='ocr_line' id='line_1_16' title="bbox 346 2090 1475 2176; baseline -0.002 -20"><span class='ocrx_word' id='word_1_109' title='bbox 346 2092 573 2176; x_wconf 87' lang='lat' dir='ltr'>epigrammata</span> <span class='ocrx_word' id='word_1_110' title='bbox 603 2091 734 2174; x_wconf 90' lang='lat' dir='ltr'>quidem</span> <span class='ocrx_word' id='word_1_111' title='bbox 761 2090 919 2175; x_wconf 79' lang='lat' dir='ltr'>Agathino</span> <span class='ocrx_word' id='word_1_112' title='bbox 946 2090 1076 2155; x_wconf 85' lang='lat' dir='ltr'>Anthol.</span> <span class='ocrx_word' id='word_1_113' title='bbox 1097 2091 1161 2155; x_wconf 86' lang='lat' dir='ltr'>Pal.</span> <span class='ocrx_word' id='word_1_114' title='bbox 1178 2091 1207 2152; x_wconf 87' lang='lat' dir='ltr'>V</span> <span class='ocrx_word' id='word_1_115' title='bbox 1225 2093 1289 2156; x_wconf 88' lang='grc'>299</span> <span class='ocrx_word' id='word_1_116' title='bbox 1322 2099 1355 2156; x_wconf 90' lang='lat' dir='ltr'>et</span> <span class='ocrx_word' id='word_1_117' title='bbox 1382 2091 1475 2155; x_wconf 88' lang='lat' dir='ltr'>Pauli</span> 
     </span>
     <span class='ocr_line' id='line_1_17' title="bbox 346 2193 1476 2260; baseline -0.002 0"><span class='ocrx_word' id='word_1_118' title='bbox 346 2195 521 2260; x_wconf 85' lang='lat' dir='ltr'>Silentiarii</span> <span class='ocrx_word' id='word_1_119' title='bbox 537 2194 667 2259; x_wconf 88' lang='lat' dir='ltr'>Anthol.</span> <span class='ocrx_word' id='word_1_120' title='bbox 680 2194 745 2259; x_wconf 89' lang='lat' dir='ltr'>Pal.</span> <span class='ocrx_word' id='word_1_121' title='bbox 756 2195 786 2256; x_wconf 88' lang='lat' dir='ltr'>V</span> <span class='ocrx_word' id='word_1_122' title='bbox 797 2195 862 2258; x_wconf 88' lang='lat'>300</span> <span class='ocrx_word' id='word_1_123' title='bbox 881 2199 968 2260; x_wconf 87' lang='lat' dir='ltr'>recte</span> <span class='ocrx_word' id='word_1_124' title='bbox 987 2195 1130 2259; x_wconf 80' lang='lat' dir='ltr'>contulit</span> <span class='ocrx_word' id='word_1_125' title='bbox 1160 2195 1260 2259; x_wconf 87' lang='lat' dir='ltr'>Plane</span> <span class='ocrx_word' id='word_1_126' title='bbox 1279 2193 1476 2260; x_wconf 87' lang='lat' dir='ltr'>dissentiunt</span> 
     </span>
    </p>
   </div>
   <div class='ocr_carea' id='block_1_7' title="bbox 345 2297 1606 2382">
    <p class='ocr_par' dir='ltr' id='par_1_7' title="bbox 345 2297 1606 2382">
     <span class='ocr_line' id='line_1_18' title="bbox 345 2297 1606 2382; baseline 0 -20"><span class='ocrx_word' id='word_1_127' title='bbox 345 2300 540 2382; x_wconf 81' lang='lat' dir='ltr'>argumenta</span> <span class='ocrx_word' id='word_1_128' title='bbox 556 2297 721 2381; x_wconf 75' lang='lat' dir='ltr'>AgathiaS,</span> <span class='ocrx_word' id='word_1_129' title='bbox 732 2297 790 2380; x_wconf 88' lang='lat' dir='ltr'>qui</span> <span class='ocrx_word' id='word_1_130' title='bbox 798 2298 867 2380; x_wconf 90' lang='lat' dir='ltr'>ipse</span> <span class='ocrx_word' id='word_1_131' title='bbox 877 2297 1028 2380; x_wconf 88' lang='lat' dir='ltr'>superbia</span> <span class='ocrx_word' id='word_1_132' title='bbox 1037 2300 1133 2380; x_wconf 83' lang='lat' dir='ltr'>atquo</span> <span class='ocrx_word' id='word_1_133' title='bbox 1143 2299 1323 2382; x_wconf 84' lang='lat' dir='ltr'>arrogantia</span> <span class='ocrx_word' id='word_1_134' title='bbox 1334 2298 1473 2382; x_wconf 86' lang='lat' dir='ltr'>puellam</span> <span class='ocrx_word' id='word_1_135' title='bbox 1605 2375 1606 2382; x_wconf 9' lang='grc' dir='ltr'>ρ</span> 
     </span>
    </p>
   </div>
   <div class='ocr_carea' id='block_1_8' title="bbox 344 2399 1474 2794">
    <p class='ocr_par' dir='ltr' id='par_1_8' title="bbox 344 2399 1474 2794">
     <span class='ocr_line' id='line_1_19' title="bbox 344 2399 1474 2484; baseline 0.001 -20"><span class='ocrx_word' id='word_1_136' title='bbox 344 2401 488 2482; x_wconf 80' lang='lat' dir='ltr'>laeserat,</span> <span class='ocrx_word' id='word_1_137' title='bbox 508 2399 646 2484; x_wconf 85' lang='lat' dir='ltr'>supplex</span> <span class='ocrx_word' id='word_1_138' title='bbox 664 2401 730 2464; x_wconf 88' lang='lat' dir='ltr'>iam</span> <span class='ocrx_word' id='word_1_139' title='bbox 745 2401 873 2464; x_wconf 85' lang='lat' dir='ltr'>veniam</span> <span class='ocrx_word' id='word_1_140' title='bbox 890 2401 1002 2483; x_wconf 83' lang='lat' dir='ltr'>poscIt</span> <span class='ocrx_word' id='word_1_141' title='bbox 1034 2402 1089 2464; x_wconf 83' lang='lat' dir='ltr'>Ait</span> <span class='ocrx_word' id='word_1_142' title='bbox 1107 2400 1161 2466; x_wconf 90' lang='lat' dir='ltr'>ille</span> <span class='ocrx_word' id='word_1_143' title='bbox 1181 2400 1329 2484; x_wconf 88' lang='lat' dir='ltr'>quidem:</span> <span class='ocrx_word' id='word_1_144' title='bbox 1349 2402 1474 2483; x_wconf 73' lang='grc' dir='ltr'>ἱλήκοις,</span> 
     </span>
     <span class='ocr_line' id='line_1_20' title="bbox 345 2502 1472 2586; baseline 0.004 -19"><span class='ocrx_word' id='word_1_145' title='bbox 345 2502 447 2580; x_wconf 77' lang='grc' dir='ltr'>ἤλιτεν</span> <span class='ocrx_word' id='word_1_146' title='bbox 466 2503 485 2582; x_wconf 85' lang='grc' dir='ltr'>ἡ</span> <span class='ocrx_word' id='word_1_147' title='bbox 506 2504 626 2586; x_wconf 78' lang='grc' dir='ltr'>νεότης,</span> <span class='ocrx_word' id='word_1_148' title='bbox 650 2502 707 2566; x_wconf 92' lang='lat' dir='ltr'>sed</span> <span class='ocrx_word' id='word_1_149' title='bbox 731 2503 760 2568; x_wconf 91' lang='lat' dir='ltr'>si</span> <span class='ocrx_word' id='word_1_150' title='bbox 779 2503 858 2568; x_wconf 87' lang='lat' dir='ltr'>haec</span> <span class='ocrx_word' id='word_1_151' title='bbox 877 2523 951 2568; x_wconf 91' lang='lat' dir='ltr'>oum</span> <span class='ocrx_word' id='word_1_152' title='bbox 970 2503 1167 2568; x_wconf 87' lang='lat' dir='ltr'>Aristaeneti</span> <span class='ocrx_word' id='word_1_153' title='bbox 1186 2503 1309 2569; x_wconf 85' lang='lat' dir='ltr'>verbis:</span> <span class='ocrx_word' id='word_1_154' title='bbox 1334 2505 1409 2568; x_wconf 81' lang='grc' dir='ltr'>νέος</span> <span class='ocrx_word' id='word_1_155' title='bbox 1427 2505 1472 2572; x_wconf 85' lang='grc' dir='ltr'>ὢν</span> 
     </span>
     <span class='ocr_line' id='line_1_21' title="bbox 345 2605 1474 2690; baseline 0.003 -22"><span class='ocrx_word' id='word_1_156' title='bbox 345 2605 486 2670; x_wconf 81' lang='grc' dir='ltr'>ἔπταιςεν</span> <span class='ocrx_word' id='word_1_157' title='bbox 504 2605 650 2671; x_wconf 84' lang='lat' dir='ltr'>conferre</span> <span class='ocrx_word' id='word_1_158' title='bbox 668 2605 826 2689; x_wconf 83' lang='lat' dir='ltr'>iubemur,</span> <span class='ocrx_word' id='word_1_159' title='bbox 846 2605 906 2670; x_wconf 88' lang='lat' dir='ltr'>hac</span> <span class='ocrx_word' id='word_1_160' title='bbox 921 2625 979 2690; x_wconf 84' lang='lat' dir='ltr'>ego</span> <span class='ocrx_word' id='word_1_161' title='bbox 999 2607 1158 2672; x_wconf 88' lang='lat' dir='ltr'>sententia</span> <span class='ocrx_word' id='word_1_162' title='bbox 1172 2607 1343 2690; x_wconf 90' lang='lat' dir='ltr'>plerosque</span> <span class='ocrx_word' id='word_1_163' title='bbox 1363 2607 1474 2690; x_wconf 85' lang='lat' dir='ltr'>depre-</span> 
     </span>
     <span class='ocr_line' id='line_1_22' title="bbox 344 2707 1474 2794; baseline 0.003 -23"><span class='ocrx_word' id='word_1_164' title='bbox 344 2710 454 2772; x_wconf 81' lang='lat' dir='ltr'>cantes</span> <span class='ocrx_word' id='word_1_165' title='bbox 467 2709 516 2772; x_wconf 91' lang='lat' dir='ltr'>uti</span> <span class='ocrx_word' id='word_1_166' title='bbox 529 2709 612 2788; x_wconf 87' lang='lat' dir='ltr'>scio;</span> <span class='ocrx_word' id='word_1_167' title='bbox 626 2709 773 2782; x_wconf 81' lang='lat' dir='ltr'>conteras</span> <span class='ocrx_word' id='word_1_168' title='bbox 789 2707 932 2773; x_wconf 90' lang='lat' dir='ltr'>Petronii</span> <span class='ocrx_word' id='word_1_169' title='bbox 948 2713 1071 2774; x_wconf 88' lang='lat' dir='ltr'>saturas</span> <span class='ocrx_word' id='word_1_170' title='bbox 1091 2729 1158 2794; x_wconf 89' lang='lat' dir='ltr'>cap.</span> <span class='ocrx_word' id='word_1_171' title='bbox 1176 2711 1256 2774; x_wconf 89' lang='lat'>130:</span> <span class='ocrx_word' id='word_1_172' title='bbox 1278 2710 1474 2792; x_wconf 83' lang='lat' dir='ltr'>‘Polyaenus</span> 
     </span>
    </p>
   </div>
   <div class='ocr_carea' id='block_1_9' title="bbox 345 2811 1606 2910">
    <p class='ocr_par' dir='ltr' id='par_1_9' title="bbox 345 2811 1606 2910">
     <span class='ocr_line' id='line_1_23' title="bbox 345 2811 1606 2910; baseline 0.001 -35"><span class='ocrx_word' id='word_1_173' title='bbox 345 2811 457 2876; x_wconf 83' lang='lat' dir='ltr'>Circae</span> <span class='ocrx_word' id='word_1_174' title='bbox 480 2811 625 2876; x_wconf 86' lang='lat' dir='ltr'>salutem.</span> <span class='ocrx_word' id='word_1_175' title='bbox 663 2812 778 2876; x_wconf 82' lang='lat' dir='ltr'>Fateor</span> <span class='ocrx_word' id='word_1_176' title='bbox 800 2831 861 2894; x_wconf 86' lang='lat' dir='ltr'>me,</span> <span class='ocrx_word' id='word_1_177' title='bbox 885 2811 1021 2896; x_wconf 76' lang='lat' dir='ltr'>domina</span> <span class='ocrx_word' id='word_1_178' title='bbox 1049 2831 1144 2897; x_wconf 86' lang='lat' dir='ltr'>saepe</span> <span class='ocrx_word' id='word_1_179' title='bbox 1167 2832 1315 2897; x_wconf 80' lang='lat' dir='ltr'>pecasse3</span> <span class='ocrx_word' id='word_1_180' title='bbox 1344 2833 1419 2876; x_wconf 89' lang='lat' dir='ltr'>nam</span> <span class='ocrx_word' id='word_1_181' title='bbox 1442 2817 1474 2876; x_wconf 86' lang='lat' dir='ltr'>at</span> <span class='ocrx_word' id='word_1_182' title='bbox 1605 2891 1606 2910; x_wconf 13' lang='grc' dir='ltr'>χ</span> 
     </span>
    </p>
   </div>
   <div class='ocr_carea' id='block_1_10' title="bbox 344 2915 1606 3204">
    <p class='ocr_par' dir='ltr' id='par_1_10' title="bbox 344 2915 1606 3204">
     <span class='ocr_line' id='line_1_24' title="bbox 345 2915 1471 3002; baseline 0.003 -25"><span class='ocrx_word' id='word_1_183' title='bbox 345 2915 438 2978; x_wconf 94' lang='lat' dir='ltr'>homo</span> <span class='ocrx_word' id='word_1_184' title='bbox 462 2933 534 2979; x_wconf 89' lang='lat' dir='ltr'>sum</span> <span class='ocrx_word' id='word_1_185' title='bbox 558 2919 591 2981; x_wconf 86' lang='lat' dir='ltr'>et</span> <span class='ocrx_word' id='word_1_186' title='bbox 608 2915 715 2981; x_wconf 92' lang='lat' dir='ltr'>adhuc</span> <span class='ocrx_word' id='word_1_187' title='bbox 738 2917 903 2981; x_wconf 87' lang='lat' dir='ltr'>iuvenis’</span> <span class='ocrx_word' id='word_1_188' title='bbox 927 2923 959 2982; x_wconf 91' lang='lat' dir='ltr'>et</span> <span class='ocrx_word' id='word_1_189' title='bbox 977 2917 1174 2982; x_wconf 83' lang='lat' dir='ltr'>Aristaeneti</span> <span class='ocrx_word' id='word_1_190' title='bbox 1197 2917 1368 3002; x_wconf 85' lang='lat' dir='ltr'>epistulam</span> <span class='ocrx_word' id='word_1_191' title='bbox 1386 2917 1471 2982; x_wconf 80' lang='lat'>119:</span> 
     </span>
     <span class='ocr_line' id='line_1_25' title="bbox 344 3017 1474 3105; baseline 0.005 -25"><span class='ocrx_word' id='word_1_192' title='bbox 344 3017 423 3081; x_wconf 86' lang='grc' dir='ltr'>ἀλλὰ</span> <span class='ocrx_word' id='word_1_193' title='bbox 446 3018 495 3081; x_wconf 85' lang='grc' dir='ltr'>καὶ</span> <span class='ocrx_word' id='word_1_194' title='bbox 515 3019 603 3083; x_wconf 86' lang='grc' dir='ltr'>αὖθις</span> <span class='ocrx_word' id='word_1_195' title='bbox 623 3018 790 3098; x_wconf 85' lang='grc' dir='ltr'>ἀδικούςης</span> <span class='ocrx_word' id='word_1_196' title='bbox 813 3069 867 3083; x_wconf 92' lang='grc'>...</span> <span class='ocrx_word' id='word_1_197' title='bbox 891 3020 1076 3100; x_wconf 82' lang='grc' dir='ltr'>ςυγγνώμην</span> <span class='ocrx_word' id='word_1_198' title='bbox 1100 3019 1267 3098; x_wconf 75' lang='grc' dir='ltr'>ἀπονέμειν</span> <span class='ocrx_word' id='word_1_199' title='bbox 1285 3027 1323 3105; x_wconf 73' lang='grc' dir='ltr'>τῇ</span> <span class='ocrx_word' id='word_1_200' title='bbox 1343 3027 1379 3104; x_wconf 77' lang='lat' dir='ltr'>ci]</span> <span class='ocrx_word' id='word_1_201' title='bbox 1399 3023 1474 3100; x_wconf 87' lang='grc' dir='ltr'>πρὲ-</span> 
     </span>
     <span class='ocr_line' id='line_1_26' title="bbox 344 3121 1606 3204; baseline 0.004 -20"><span class='ocrx_word' id='word_1_202' title='bbox 344 3139 466 3184; x_wconf 91' lang='grc' dir='ltr'>πουςαν</span> <span class='ocrx_word' id='word_1_203' title='bbox 490 3121 620 3204; x_wconf 82' lang='grc' dir='ltr'>ἡλικίᾳ.</span> <span class='ocrx_word' id='word_1_204' title='bbox 945 3143 947 3148; x_wconf 75' lang='grc'>’</span> <span class='ocrx_word' id='word_1_205' title='bbox 1605 3129 1606 3136; x_wconf 75' lang='grc'>’</span> 
     </span>
    </p>
   </div>
   <div class='ocr_carea' id='block_1_11' title="bbox 344 3189 1606 3410">
    <p class='ocr_par' dir='ltr' id='par_1_11' title="bbox 344 3189 1606 3410">
     <span class='ocr_line' id='line_1_27' title="bbox 433 3189 1606 3309; baseline 0.003 -24"><span class='ocrx_word' id='word_1_206' title='bbox 433 3221 554 3286; x_wconf 88' lang='lat' dir='ltr'>Paulus</span> <span class='ocrx_word' id='word_1_207' title='bbox 583 3241 711 3305; x_wconf 92' lang='lat' dir='ltr'>quoque</span> <span class='ocrx_word' id='word_1_208' title='bbox 738 3224 772 3287; x_wconf 90' lang='lat' dir='ltr'>in</span> <span class='ocrx_word' id='word_1_209' title='bbox 800 3223 913 3289; x_wconf 90' lang='lat' dir='ltr'>ecdem</span> <span class='ocrx_word' id='word_1_210' title='bbox 936 3229 1084 3288; x_wconf 89' lang='lat' dir='ltr'>versatur</span> <span class='ocrx_word' id='word_1_211' title='bbox 1110 3231 1308 3309; x_wconf 86' lang='lat' dir='ltr'>argumento.</span> <span class='ocrx_word' id='word_1_212' title='bbox 1347 3225 1474 3290; x_wconf 86' lang='lat' dir='ltr'>Desinit</span> <span class='ocrx_word' id='word_1_213' title='bbox 1605 3189 1606 3234; x_wconf 68' lang='lat' dir='ltr'>t</span> 
     </span>
     <span class='ocr_line' id='line_1_28' title="bbox 344 3324 786 3410; baseline 0.007 -23"><span class='ocrx_word' id='word_1_214' title='bbox 344 3325 431 3388; x_wconf 90' lang='lat' dir='ltr'>corte</span> <span class='ocrx_word' id='word_1_215' title='bbox 454 3324 488 3386; x_wconf 89' lang='lat' dir='ltr'>in</span> <span class='ocrx_word' id='word_1_216' title='bbox 514 3325 612 3389; x_wconf 85' lang='lat' dir='ltr'>verba</span> <span class='ocrx_word' id='word_1_217' title='bbox 634 3327 673 3408; x_wconf 88' lang='grc' dir='ltr'>(ν.</span> <span class='ocrx_word' id='word_1_218' title='bbox 691 3327 720 3390; x_wconf 92' lang='lat'>8.</span> <span class='ocrx_word' id='word_1_219' title='bbox 739 3326 786 3410; x_wconf 87' lang='lat'>9):</span> 
     </span>
    </p>
   </div>
   <div class='ocr_carea' id='block_1_12' title="bbox 474 3447 1357 3636">
    <p class='ocr_par' dir='ltr' id='par_1_12' title="bbox 474 3447 1357 3636">
     <span class='ocr_line' id='line_1_29' title="bbox 474 3447 1357 3534; baseline 0.005 -22"><span class='ocrx_word' id='word_1_220' title='bbox 474 3447 622 3528; x_wconf 67' lang='lat' dir='ltr'>linceius</span> <span class='ocrx_word' id='word_1_221' title='bbox 646 3452 846 3533; x_wconf 82' lang='grc' dir='ltr'>θυμολὲαινα,</span> <span class='ocrx_word' id='word_1_222' title='bbox 870 3453 919 3516; x_wconf 89' lang='grc' dir='ltr'>καὶ</span> <span class='ocrx_word' id='word_1_223' title='bbox 943 3451 968 3516; x_wconf 78' lang='grc' dir='ltr'>ελ</span> <span class='ocrx_word' id='word_1_224' title='bbox 991 3451 1090 3532; x_wconf 86' lang='grc' dir='ltr'>χόλον</span> <span class='ocrx_word' id='word_1_225' title='bbox 1113 3451 1239 3516; x_wconf 75' lang='grc' dir='ltr'>ἔνδικον</span> <span class='ocrx_word' id='word_1_226' title='bbox 1263 3447 1357 3534; x_wconf 72' lang='lat' dir='ltr'>cloec,</span> 
     </span>
     <span class='ocr_line' id='line_1_30' title="bbox 528 3553 1239 3636; baseline 0.004 -21"><span class='ocrx_word' id='word_1_227' title='bbox 528 3553 668 3631; x_wconf 82' lang='grc' dir='ltr'>Σβὲςςον</span> <span class='ocrx_word' id='word_1_228' title='bbox 693 3553 874 3636; x_wconf 81' lang='grc' dir='ltr'>ἀγηνορῑην,</span> <span class='ocrx_word' id='word_1_229' title='bbox 899 3553 989 3630; x_wconf 68' lang='grc' dir='ltr'>ἐγγὺς</span> <span class='ocrx_word' id='word_1_230' title='bbox 1012 3553 1078 3619; x_wconf 80' lang='grc' dir='ltr'>ἴδες</span> <span class='ocrx_word' id='word_1_231' title='bbox 1102 3554 1239 3632; x_wconf 84' lang='grc' dir='ltr'>Νὲμεςιν.</span> 
     </span>
    </p>
   </div>
   <div class='ocr_carea' id='block_1_13' title="bbox 343 3676 1474 4279">
    <p class='ocr_par' dir='ltr' id='par_1_13' title="bbox 344 3676 1474 3965">
     <span class='ocr_line' id='line_1_31' title="bbox 434 3676 1474 3760; baseline 0.005 -20"><span class='ocrx_word' id='word_1_232' title='bbox 434 3676 497 3741; x_wconf 86' lang='lat' dir='ltr'>Sed</span> <span class='ocrx_word' id='word_1_233' title='bbox 514 3677 601 3758; x_wconf 84' lang='lat' dir='ltr'>haec,</span> <span class='ocrx_word' id='word_1_234' title='bbox 618 3678 678 3742; x_wconf 87' lang='lat' dir='ltr'>etsi</span> <span class='ocrx_word' id='word_1_235' title='bbox 691 3677 904 3760; x_wconf 91' lang='lat' dir='ltr'>aliquomodo</span> <span class='ocrx_word' id='word_1_236' title='bbox 918 3679 1057 3743; x_wconf 86' lang='lat' dir='ltr'>conferri</span> <span class='ocrx_word' id='word_1_237' title='bbox 1070 3679 1273 3744; x_wconf 82' lang='lat' dir='ltr'>cum&#39;libulli</span> <span class='ocrx_word' id='word_1_238' title='bbox 1288 3683 1322 3745; x_wconf 90' lang='lat' dir='ltr'>et</span> <span class='ocrx_word' id='word_1_239' title='bbox 1332 3681 1474 3745; x_wconf 83' lang='lat' dir='ltr'>Aristae-</span> 
     </span>
     <span class='ocr_line' id='line_1_32' title="bbox 344 3779 1471 3866; baseline 0.005 -25"><span class='ocrx_word' id='word_1_240' title='bbox 344 3779 410 3844; x_wconf 91' lang='lat' dir='ltr'>neti</span> <span class='ocrx_word' id='word_1_241' title='bbox 430 3797 528 3862; x_wconf 89' lang='lat' dir='ltr'>supra</span> <span class='ocrx_word' id='word_1_242' title='bbox 545 3779 648 3844; x_wconf 84' lang='lat' dir='ltr'>allatis</span> <span class='ocrx_word' id='word_1_243' title='bbox 667 3780 775 3844; x_wconf 88' lang='lat' dir='ltr'>verbis</span> <span class='ocrx_word' id='word_1_244' title='bbox 793 3787 937 3866; x_wconf 67' lang='lat' dir='ltr'>possunt,</span> <span class='ocrx_word' id='word_1_245' title='bbox 960 3782 1041 3846; x_wconf 91' lang='lat' dir='ltr'>uihil</span> <span class='ocrx_word' id='word_1_246' title='bbox 1059 3783 1122 3847; x_wconf 93' lang='lat' dir='ltr'>nisi</span> <span class='ocrx_word' id='word_1_247' title='bbox 1141 3783 1249 3848; x_wconf 89' lang='lat' dir='ltr'>locum</span> <span class='ocrx_word' id='word_1_248' title='bbox 1268 3803 1471 3849; x_wconf 90' lang='lat' dir='ltr'>communem</span> 
     </span>
     <span class='ocr_line' id='line_1_33' title="bbox 344 3881 756 3965; baseline 0.01 -21"><span class='ocrx_word' id='word_1_249' title='bbox 344 3881 496 3965; x_wconf 88' lang='lat' dir='ltr'>praebere</span> <span class='ocrx_word' id='word_1_250' title='bbox 519 3882 584 3946; x_wconf 90' lang='lat' dir='ltr'>iam</span> <span class='ocrx_word' id='word_1_251' title='bbox 607 3883 756 3948; x_wconf 78' lang='lat' dir='ltr'>vidimus,</span> 
     </span>
    </p>

    <p class='ocr_par' dir='ltr' id='par_1_14' title="bbox 343 3985 1474 4279">
     <span class='ocr_line' id='line_1_34' title="bbox 433 3985 1474 4076; baseline 0.006 -28"><span class='ocrx_word' id='word_1_252' title='bbox 433 3985 507 4068; x_wconf 91' lang='lat' dir='ltr'>Ipsa</span> <span class='ocrx_word' id='word_1_253' title='bbox 528 3986 629 4069; x_wconf 84' lang='lat' dir='ltr'>igitur</span> <span class='ocrx_word' id='word_1_254' title='bbox 650 3987 767 4052; x_wconf 83' lang='lat' dir='ltr'>libelli</span> <span class='ocrx_word' id='word_1_255' title='bbox 792 3990 888 4071; x_wconf 81' lang='lat' dir='ltr'>atque</span> <span class='ocrx_word' id='word_1_256' title='bbox 910 3989 1107 4055; x_wconf 86' lang='lat' dir='ltr'>Aristaeneti</span> <span class='ocrx_word' id='word_1_257' title='bbox 1134 3993 1323 4076; x_wconf 84' lang='lat' dir='ltr'>argumenta</span> <span class='ocrx_word' id='word_1_258' title='bbox 1351 3991 1474 4055; x_wconf 84' lang='lat' dir='ltr'>exami-</span> 
     </span>
     <span class='ocr_line' id='line_1_35' title="bbox 343 4089 1473 4176; baseline 0.006 -27"><span class='ocrx_word' id='word_1_259' title='bbox 343 4105 465 4151; x_wconf 89' lang='lat' dir='ltr'>nemus.</span> <span class='ocrx_word' id='word_1_260' title='bbox 495 4089 593 4172; x_wconf 84' lang='lat' dir='ltr'>Apud</span> <span class='ocrx_word' id='word_1_261' title='bbox 611 4091 927 4176; x_wconf 82' lang='lat' dir='ltr'>Aristaenetumpro</span> <span class='ocrx_word' id='word_1_262' title='bbox 946 4111 1057 4176; x_wconf 82' lang='lat' dir='ltr'>puero,</span> <span class='ocrx_word' id='word_1_263' title='bbox 1080 4094 1135 4176; x_wconf 91' lang='lat' dir='ltr'>qui</span> <span class='ocrx_word' id='word_1_264' title='bbox 1154 4111 1190 4158; x_wconf 92' lang='lat' dir='ltr'>re</span> <span class='ocrx_word' id='word_1_265' title='bbox 1209 4112 1286 4158; x_wconf 85' lang='lat' dir='ltr'>vora</span> <span class='ocrx_word' id='word_1_266' title='bbox 1304 4093 1473 4157; x_wconf 85' lang='lat' dir='ltr'>mulierem</span> 
     </span>
     <span class='ocr_line' id='line_1_36' title="bbox 344 4188 1474 4279; baseline 0.008 -28"><span class='ocrx_word' id='word_1_267' title='bbox 344 4188 524 4254; x_wconf 77' lang='lat' dir='ltr'>offenderat</span> <span class='ocrx_word' id='word_1_268' title='bbox 551 4191 703 4274; x_wconf 78' lang='grc' dir='ltr'>(ἔτι-ιαιςεν</span> <span class='ocrx_word' id='word_1_269' title='bbox 733 4193 1073 4279; x_wconf 78' lang='grc' dir='ltr'>ὁμολογουμένως),</span> <span class='ocrx_word' id='word_1_270' title='bbox 1103 4196 1227 4261; x_wconf 84' lang='lat' dir='ltr'>amicus</span> <span class='ocrx_word' id='word_1_271' title='bbox 1254 4195 1387 4278; x_wconf 84' lang='lat' dir='ltr'>quidam</span> <span class='ocrx_word' id='word_1_272' title='bbox 1417 4193 1474 4260; x_wconf 89' lang='lat' dir='ltr'>de·</span> 
     </span>
    </p>
   </div>
   <div class='ocr_carea' id='block_1_14' title="bbox 344 4292 1606 4383">
    <p class='ocr_par' dir='ltr' id='par_1_15' title="bbox 344 4292 1606 4383">
     <span class='ocr_line' id='line_1_37' title="bbox 344 4292 1606 4383; baseline 0.011 -31"><span class='ocrx_word' id='word_1_273' title='bbox 344 4293 500 4372; x_wconf 83' lang='lat' dir='ltr'>precatur.</span> <span class='ocrx_word' id='word_1_274' title='bbox 538 4292 683 4358; x_wconf 74' lang='lat' dir='ltr'>Tibullus</span> <span class='ocrx_word' id='word_1_275' title='bbox 711 4295 780 4380; x_wconf 91' lang='lat' dir='ltr'>ipse</span> <span class='ocrx_word' id='word_1_276' title='bbox 807 4295 990 4362; x_wconf 85' lang='lat' dir='ltr'>Marathum</span> <span class='ocrx_word' id='word_1_277' title='bbox 1018 4301 1180 4364; x_wconf 88' lang='lat' dir='ltr'>amaverat</span> <span class='ocrx_word' id='word_1_278' title='bbox 1204 4303 1248 4382; x_wconf 89' lang='lat' dir='ltr'>et,</span> <span class='ocrx_word' id='word_1_279' title='bbox 1276 4317 1473 4383; x_wconf 82' lang='lat' dir='ltr'>quamquam</span> <span class='ocrx_word' id='word_1_280' title='bbox 1605 4361 1606 4380; x_wconf 61' lang='grc'>,</span> 
     </span>
    </p>
   </div>
   <div class='ocr_carea' id='block_1_15' title="bbox 0 0 1628 4910">
    <p class='ocr_par' dir='ltr' id='par_1_16' title="bbox 0 0 1628 4910">
     <span class='ocr_line' id='line_1_38' title="bbox 0 0 1628 4910; baseline 0 1"><span class='ocrx_word' id='word_1_281' title='bbox 0 0 1628 4910; x_wconf 95' lang='lat' dir='ltr'> </span> 
     </span>
    </p>
   </div>
  </div>
 </body>
</html>
