3308 4938
364 385 405 446 74
724 391 859 462 Ludwig
877 393 1124 462 Rosenmeyer‚

361 567 397 626 ut
419 564 656 646 interpolatoris
685 583 755 627 esse
778 564 910 647 possint
952 563 1119 630 Praeterea
1143 565 1324 647 ‘utriusque
1349 563 1490 648 linguae'

360 667 402 748 (v.
417 667 538 746 23-8)
561 667 678 730 melius
702 671 759 748 est
783 668 811 730 si
834 667 941 731 Latini
965 673 997 732 et
1021 669 1135 733 Graeci
1159 673 1252 733 antea
1273 669 1491 732 nominantur.

361 769 459 846 Quasi
478 789 537 852 per
555 771 760 852 parenthesin
781 769 964 834 introducta
982 775 1059 834 sunt
1077 771 1176 836 verba
1189 777 1218 852 ¹).
1244 771 1399 834 Primaria
1420 790 1493 833 sen·

360 873 461 937 tentia
481 873 558 936 haec
578 877 642 936 est:
664 871 778 936 dicunt
796 873 859 936 illi:
880 873 1107 938 ‘monarchiam
1125 873 1301 950 tenemus’;
1321 873 1407 955 quod
1428 877 1491 936 tam

361 977 458 1039 anxie
477 979 693 1058 exequuntur,
713 981 750 1040 nt
768 978 864 1040 etiam
882 980 941 1042 τὸν
960 978 1049 1058 ἠχον,
1067 972 1106 1042 τὸ
1126 978 1299 1054 λεγόμενον
1317 977 1490 1059 recipiant3

360 1081 562 1144 oilronomiae
583 1099 648 1143 non
669 1079 831 1162 recipiunt
852 1098 957 1161 neque
976 1079 1110 1144 verbum
1130 1098 1237 1161 neque
1259 1098 1399 1144 sensum.
1431 1078 1491 1141 His

360 1180 468 1245 verbis
485 1181 575 1263 quasi
592 1181 626 1242 in
643 1179 848 1245 adnotatione
865 1180 954 1244 addit
972 1183 1069 1246 etiam
1088 1183 1228 1247 Graecos
1247 1185 1349 1265 magis
1367 1202 1491 1261 sonum,

360 1289 484 1368 φωνήν,
498 1305 594 1368 quarn
606 1305 746 1366 sensum,
758 1281 795 1348 τὸ
808 1289 989 1364 νοούμενον
1000 1290 1056 1363 τῆ(
1072 1287 1263 1367 οἰκονομίας,
1280 1287 1490 1351 intellexisse.

360 1387 466 1464 Quare
482 1389 606 1452 auctori
624 1389 685 1470 ipsi
702 1387 907 1452 definiendae
923 1393 1000 1451 sunt
1016 1391 1049 1452 et
1065 1389 1250 1452 monarchia
1262 1393 1295 1453 et
1306 1389 1490 1453 oilaonomia

359 1491 415 1571 (ἀί
438 1510 497 1574 ego
521 1493 597 1571 ...’,
628 1487 780 1570 reulum:
812 1491 912 1555 altera
934 1492 1024 1555 nullo
1056 1491 1150 1555 modo
1174 1493 1274 1556 altera
1302 1491 1491 1556 excluditur

360 1595 605 1676 -οἰκονομία,
635 1595 813 1670 οἰκονομεῖν
842 1593 948 1658 reddit
976 1598 1090 1658 auctor
1120 1603 1230 1660 noster
1259 1594 1394 1660 vocibus
1426 1593 1490 1658 ‘ad-

360 1697 561 1778 ministratio,
585 1696 820 1760 administrare'
841 1735 892 1768 -.
917 1699 1095 1776 οἰκονομεῖν
1114 1703 1171 1777 τήν
1192 1701 1368 1777 μοναρχίαν
1388 1697 1490 1762 231¹?

358 1799 462 1880 (alla)
486 1801 640 1882 scriptum
665 1799 844 1881 legimus2).

449 1903 555 1966 Etiam
579 1923 661 1986 quae
690 1907 871 1984 sequuntur
901 1903 999 1967 verba
1026 1903 1298 1986 interpretationis
1323 1902 1489 1985 indigent:

359 2006 435 2069 ‘non
459 2009 564 2070 tamen
594 2004 813 2088 praescribere
843 2004 1060 2068 monarchiam
1092 2002 1174 2084 ideo,
1203 2005 1280 2086 quia
1310 2005 1409 2067 unius
1438 2005 1489 2082 sit

358 2128 441 2190 eum,
473 2111 566 2173 cuius
595 2109 645 2189 sit
676 2111 740 2171 aut
762 2107 869 2169 filium
898 2126 963 2170 non
993 2107 1111 2170 habere
1135 2110 1201 2171 aut
1228 2107 1335 2189 ipsum
1363 2125 1399 2170 se
1428 2106 1489 2168 sibi

356 2211 462 2274 filium
486 2211 604 2275 fecisse
628 2217 693 2274 aut
715 2211 932 2274 monarchiam
956 2229 1048 2274 suam
1071 2231 1136 2274 non
1160 2229 1218 2294 per
1236 2231 1318 2293 quos
1339 2211 1418 2275 velit
1436 2210 1490 2274 ad-

357 2315 561 2378 ministrare?
598 2314 670 2377 Non
694 2312 807 2377 eodem
836 2313 906 2377 iure
930 2314 1140 2396 proferuntur
1167 2315 1229 2377 tria
1252 2314 1307 2377 illa
1336 2313 1488 2394 membra,

357 2437 439 2499 qliae
456 2437 514 2500 per
529 2417 606 2480 ‘aut'
623 2416 889 2494 introducuntur;
908 2418 1047 2500 primum
1063 2421 1096 2481 et
1111 2418 1241 2480 tertium
1254 2419 1288 2480 in
1301 2415 1489 2500 quemlubet

339 2529 343 2534 '
356 2520 476 2583 cadunt
485 2521 711 2600 monarchiam,
722 2519 900 2584 secundum
912 2521 1011 2603 priori
1022 2523 1113 2603 quasi
1125 2520 1333 2585 subiunctum
1343 2519 1488 2584 Praxeae

357 2625 500 2686 continet
519 2623 712 2705 opinionem,
732 2623 789 2686 sed
808 2627 845 2687 ut
864 2623 1037 2687 irrideatur
1055 2625 1089 2686 in
1108 2625 1298 2688 universum
1318 2625 1486 2704 translata3

356 2722 474 2787 adiecit
492 2743 563 2787 eam
581 2723 797 2788 Tertullianus
813 2731 850 2788 ut
864 2745 1016 2808 persaepe
1032 2727 1154 2790 similes
1172 2727 1284 2790 breves
1304 2729 1487 2791 sententiaa.

355 2833 570 2841 —...--——

449 2866 465 2934 ¹)
479 2866 576 2920 Verbis
587 2868 626 2920 'ut
639 2871 720 2935 putea
734 2867 797 2920 illos
809 2865 945 2936 (Latinos)
961 2871 1016 2922 tam
1033 2869 1103 2922 bene
1117 2869 1279 2938 intellegere
1292 2869 1488 2923 monarchiam

355 2967 439 3019 quam
452 2952 609 3005 enuntiant'
628 2951 796 3020 signilicavit
810 2951 926 3006 Latinos
940 2968 998 3006 non
1017 2953 1179 3022 intellegere
1198 2955 1408 3020 monarchiam3
1429 2955 1485 3008 iam

354 3035 502 3090 additurus
522 3053 557 3089 ne
571 3037 694 3090 Graecos
713 3037 826 3104 quidem
845 3036 917 3090 bene
936 3038 1082 3108 utriusque
1095 3039 1174 3092 verbi
1188 3055 1303 3093 sensum
1317 3041 1487 3108 percepisse,

354 3121 454 3190 repetit
473 3120 549 3191 quod
568 3120 678 3174 dixerat
697 3120 756 3174 ‘sed
776 3121 971 3175 monarchiam
991 3139 1093 3176 sonare
1117 3123 1181 3191 (τὴν
1201 3125 1307 3190 φωνὴν
1328 3125 1419 3189 μόνον
1438 3128 1488 3190 τῆ(

356 3205 521 3272 μοναρχίαι)
533 3205 648 3260 student
662 3205 772 3272 Latini,
792 3221 847 3274 quo
861 3205 960 3260 lortius
974 3215 1096 3276 opponat
1110 3209 1309 3262 ‘oilonomiam
1324 3209 1487 3280 intellegere

353 3293 396 3360 (τὸ
416 3291 587 3360 νοούμενον)
607 3291 707 3344 nolunt
726 3291 811 3344 etiam
831 3289 949 3344 Graeci'.

446 3377 465 3444 ¹)
484 3377 553 3431 Sero
567 3375 624 3429 vidi
638 3391 711 3445 quae
724 3375 842 3430 adnotat
855 3375 890 3428 ad
905 3391 963 3428 rem
978 3377 1114 3431 luclicher
1127 3377 1144 3430 1.
1159 3393 1198 3431 αι
1217 3379 1269 3432 hlir
1282 3379 1426 3434 erscheint
1439 3380 1489 3434 der

354 3462 419 3514 Satz
433 3463 494 3526 (sed
508 3461 700 3515 monarchiam
721 3501 762 3512 ...
782 3459 892 3528 Graeci)
905 3463 1129 3524 unentbehrlich,
1148 3463 1184 3517 da
1197 3463 1353 3518 Tertullian
1372 3466 1410 3519 im
1425 3465 1487 3520 Fol-

354 3545 464 3612 genden
476 3546 526 3598 mit
537 3546 682 3614 utriusque
693 3545 806 3614 linguae
816 3544 866 3598 aui
874 3543 923 3599 ihn
937 3547 1141 3608 zurilclrblickt;
1156 3563 1186 3600 er
1199 3547 1278 3602 leitet
1290 3549 1336 3602 dia
1346 3549 1437 3604 Kritik
1451 3567 1487 3604 an

354 3634 417 3686 dern
427 3634 665 3687 selbstbcwnssten
674 3633 876 3688 unwissenden
886 3632 1159 3686 Monarchianismus
1171 3634 1274 3702 walter,
1284 3635 1380 3689 indam
1391 3637 1487 3690 erden

354 3717 640 3772 monarchianischen
659 3719 810 3772 Lateinern
829 3719 895 3771 bloss
915 3718 970 3772 den
990 3717 1058 3770 Sinn
1077 3719 1121 3772 lilr
1140 3717 1195 3772 den
1214 3719 1379 3774 leierlichen
1398 3719 1487 3790 Klang

353 3802 429 3856 ihrea
449 3803 637 3871 Schlagworts
657 3803 814 3870 zugesteht,
835 3803 889 3856 den
909 3801 1047 3856 Griechen
1065 3805 1148 3855 unter
1168 3801 1254 3856 ibnen
1343 3805 1413 3859 aber
1432 3806 1486 3859 den

353 3888 481 3942 Vorrrurl
499 3889 603 3955 macht‚
624 3889 679 3942 dall
698 3889 739 3942 sie
760 3888 821 3942 sich
840 3905 928 3957 gagen
948 3887 999 3942 das
1018 3888 1104 3942 ihnen
1123 3889 1208 3942 leicht
1221 3891 1406 3959 zugdngliche
1420 3891 1486 3946 ller-
1576 3961 1581 3968 Ι

353 3973 482 4028 standale
497 3989 552 4026 von
576 3971 715 4038 μοναρχία
734 3974 776 4026 als
791 3971 940 4037 οἰκονομία
953 3973 1094 4028 strauben.
1122 3973 1158 4028 Er
1170 3974 1264 4029 selber
1277 3977 1407 4031 veratehe
1421 3993 1487 4032 rom

353 4059 552 4114 Lateinischen
576 4059 634 4112 und
655 4057 856 4113 Griechischen
876 4074 975 4127 genug,
993 4074 1041 4112 um
1061 4057 1223 4126 behaupten
1241 4076 1276 4114 zu
1295 4060 1406 4129 dilrlen,
1431 4062 1488 4116 deb

353 4144 398 4199 die
422 4144 585 4198 Monarchie
605 4145 827 4212 Unlerragenlen
850 4143 1024 4212 keineswegs
1047 4143 1231 4212 ausschliesst‚
1256 4143 1312 4198 dass
1336 4144 1400 4200 eine
1421 4145 1486 4200 Ver·

354 4229 459 4296 leilung
472 4229 522 4282 der
534 4229 629 4283 Macht
642 4244 679 4282 an
692 4227 894 4282 verschiedene
909 4229 1058 4282 lnslanzen
1078 4259 1110 4265 -
1129 4228 1190 4282 also
1204 4227 1355 4293 οἰκονομία
1370 4261 1402 4268 -
1417 4229 1486 4284 ricl-

353 4313 433 4366 mehr
452 4313 480 4366 in
500 4313 589 4367 ihrem
602 4313 707 4367 Wesen
726 4313 801 4380 liegt.
