2962 4778
306 339 348 401 70
665 343 802 413 Ludwig
821 344 1069 413 Rosenmcyor,

304 517 437 580 unicum
457 514 552 580 deum
573 518 607 580 et
625 515 816 592 <dominum
828 521 856 596 >,
876 514 1062 578 differentia
1083 517 1311 580 constitueretur
1325 518 1374 578 iuter

304 618 443 683 cultores
459 618 556 681 unius
573 623 605 682 et
620 617 778 702 plurimae
794 616 993 680 divinitatis?
1018 617 1120 682 Recte
1137 637 1195 681 nos
1210 620 1377 702 interpretatos
1444 611 1446 639 '¹

304 741 374 786 esse
397 722 562 803 finemque
587 721 713 784 consilii
737 741 801 784 nou
826 739 904 800 esse,
930 723 966 783 ut
983 721 1160 784 transirent
1177 727 1287 804 gentes,
1305 719 1379 784 sedit

303 823 487 888 differentia
507 825 765 905 constitueretur,
785 822 943 906 spondent
961 823 1147 904 sequentia:
1169 824 1258 886 ‘na'm
1271 832 1296 887 et
1308 824 1381 886 lucare
1446 901 1447 904 Ἴ

302 929 334 990 iu
360 926 480 991 mundo
500 927 697 991 Christianos
717 926 882 1011 oportebat
901 932 937 989 ut
960 926 1047 990 lilios
1071 926 1164 1008 luciS,
1188 927 1287 990 lumen
1307 924 1379 989 muudi
1445 966 1446 969 κ

303 1050 404 1093 unum
427 1033 460 1095 et
483 1029 578 1094 deum
603 1037 635 1094 et
653 1029 817 1094 dominnm
838 1029 981 1093 colentes
1001 1036 1034 1093 et
1051 1031 1261 1094 nominantes.
1282 1036 1380 1093 oeterm

302 1135 408 1198 si
434 1133 511 1198 deos
542 1138 574 1199 et
601 1134 747 1198 dominos
778 1135 1028 1213 nominaremus,
1059 1135 1302 1197 extinxissemus
1327 1133 1382 1194 [aas

302 1240 436 1316 nostras
453 1238 547 1301 etiam
565 1237 605 1300 ad
622 1239 776 1320 martyria
792 1238 977 1317 timidiores
994 1236 1114 1318 quibus
1131 1236 1281 1301 evadendi
1293 1251 1382 1318 quaque

301 1343 423 1422 pateret
450 1340 585 1421 occasio,
614 1340 795 1404 iurantibus
824 1341 931 1403 stetim
960 1359 1019 1422 per
1047 1340 1125 1404 deos
1155 1345 1188 1403 at
1211 1340 1341 1404 dominos.
1360 1344 1381 1398 nt
1464 1393 1466 1405 ,

302 1441 431 1524 quidam
455 1443 617 1524 haeretici,
641 1429 802 1526 quorum
825 1442 885 1507 dei
908 1442 1063 1526 plures?

391 1544 475 1609 Deos
499 1547 598 1629 igitur
621 1547 751 1609 omniuo
774 1565 838 1609 non
862 1546 941 1610 dicit
959 1545 1185 1627 Tertullianus,
1209 1547 1262 1610 sed
1279 1545 1383 1627 sequitur
1466 1528 1468 1573 ³

301 1647 493 1729 apostolum,
527 1649 582 1730 qui
615 1652 735 1732 patrem
771 1646 866 1711 deum
895 1646 1034 1730 appellat
1066 1655 1098 1712 et
1128 1650 1234 1713 Iesum
1265 1649 1382 1712 Christum
1466 1673 1468 1712 r

301 1751 473 1814 domiuum.
513 1750 820 1833 (atomi-letto)
848 1749 963 1812 ‘solum
993 1754 1101 1815 autem
1126 1753 1283 1816 Christum
1309 1759 1384 1834 potero
1466 1735 1468 1779 '¹

300 1855 395 1918 deum
424 1855 541 1937 dicere,
570 1856 655 1918 sicut
682 1853 766 1918 idem
791 1854 968 1936 apostolus:
1000 1872 1045 1918 ex
1070 1855 1212 1936 quibus
1236 1855 1384 1925 Christro,

299 1958 580 2040 quiest,iuquit,
597 1956 690 2020 deus
709 1958 977 2042 superomnia,
994 1957 1386 2024 benedictusinaemn

299 2083 413 2127 omne.
451 2083 524 2127 uam
548 2069 580 2127 et
603 2062 729 2127 radium
754 2064 830 2127 solis
854 2083 1000 2128 seorsum
1032 2063 1132 2127 solem
1164 2063 1294 2139 vocabo;
1320 2059 1387 2123 solon

298 2172 405 2231 autem
429 2167 608 2249 nominans
632 2168 699 2247 (25)
720 2167 813 2231 cuius
833 2169 881 2230 est
899 2165 1017 2247 radius,
1042 2186 1107 2230 uon
1127 2167 1234 2229 statim
1254 2174 1281 2230 et
1297 2163 1388 2228 radium

298 2270 398 2333 solem
417 2270 590 2353 appellabo.
620 2291 694 2333 uam
714 2290 774 2334 uec
793 2270 877 2334 soles
897 2269 978 2333 duos
997 2270 1124 2333 faciam.
1152 2273 1258 2334 tamen
1278 2278 1306 2332 et
1322 2265 1391 2331 solen

298 2375 330 2436 et
352 2372 477 2437 radium
503 2374 573 2436 eius
597 2379 659 2436 tarn
688 2370 814 2454 (250l1)
844 2372 924 2436 duas
947 2392 1000 2436 res
1025 2376 1058 2437 et
1081 2371 1163 2436 duas
1187 2374 1304 2455 specics
1324 2367 1393 2435 unius

298 2481 329 2540 et
352 2475 508 2541 indivisae
532 2475 729 2540 substantiae
753 2475 938 2557 numerab0,
962 2496 1058 2557 quam
1082 2474 1179 2539 deum
1200 2483 1232 2540 et
1250 2488 1395 2540 sermonen

298 2578 377 2659 eius,
402 2598 496 2660 quam
521 2582 643 2662 patrem
668 2582 700 2642 et
721 2578 848 2642 filium?

388 2738 402 2792 1
418 2737 559 2794 Christum
571 2740 767 2807 <nominaus>
780 2756 853 2807 auap.
865 2739 922 2803 Kr;
936 2741 1034 2807 potero
1048 2740 1088 2792 ll:
1102 2745 1219 2808 postero
1233 2742 1313 2805 Pnln
1342 2741 1405 2793 lineo

297 2823 371 2877 solas
384 2823 441 2877 Kr:
462 2829 489 2879 et
502 2825 577 2878 soles
590 2824 647 2891 ΜΓ,
667 2824 720 2878 etsi
733 2825 808 2879 soles
822 2824 843 2878 P
856 2824 891 2893 (si
904 2841 925 2878 a.
937 2842 963 2878 u.
972 2842 990 2876 a
1003 2842 1037 2877 m.
1049 2825 1075 2893 l)
1088 2826 1186 2893 aedom
1206 2826 1311 2896 <noni
1325 2826 1408 2880 lacirn

301 2908 368 2975 Ura,
389 2908 500 2976 faciam,
520 2915 617 2965 tamen
636 2911 730 2977 θύμω
767 2912 785 2963 8
804 2925 889 2978 quam
908 2911 946 2963 R:
966 2925 1023 2979 qua
1042 2909 1121 2963 PMF.

386 3071 447 3136 Mu
474 3072 621 3137 codicum
650 3073 822 3137 lectionem
846 3072 889 3137 ‘ct
912 3073 1007 3137 soles'
1031 3092 1140 3136 veram
1167 3094 1233 3138 uon
1258 3095 1329 3140 esse
1353 3075 1419 3139 setis

297 3182 435 3259 apparet.
478 3175 526 3240 Ne
557 3175 583 3239 P
615 3176 718 3240 codex
751 3175 882 3258 quidem
913 3175 984 3238 ‘etsi
1014 3174 1108 3239 soles’
1140 3177 1273 3241 tradens
1306 3182 1420 3242 rectum

296 3278 435 3361 praebet.
460 3278 669 3362 Negationem
687 3280 810 3362 primus
826 3280 937 3343 intulit
952 3279 1102 3361 Ursinus
1122 3281 1245 3345 rectius
1262 3281 1425 3346 collocarit

296 3380 534 3464 KroymaunuS,
559 3382 614 3464 qui
632 3382 684 3446 ‘et'
709 3384 742 3444 in
763 3381 845 3447 ‘nco’
865 3383 1009 3446 mutarit
1042 3381 1170 3448 Haereo
1187 3390 1305 3466 tamen,
1331 3405 1425 3468 quon·

295 3483 360 3546 iam
389 3484 492 3546 ‘uam'
521 3484 600 3549 illud
629 3484 813 3569 languidam
841 3484 949 3549 reddit
975 3485 1176 3549 sententiam.
1225 3487 1297 3564 Quo
1327 3488 1427 3553 deleto

295 3585 418 3648 scribo:
444 3586 556 3651 ‘solem
579 3594 686 3653 autem
705 3590 885 3670 nominans,
910 3589 1003 3652 cuius
1023 3591 1072 3652 est
1091 3589 1212 3671 radius,
1238 3611 1304 3654 non
1325 3594 1426 3656 statim

296 3692 328 3752 ct
357 3688 482 3753 radium
513 3691 611 3754 solem
643 3692 808 3775 appellabo
838 3692 923 3772 (Fut.
947 3693 1085 3778 dynam.)
1117 3712 1178 3757 neo
1209 3695 1289 3777 (aad
1318 3697 1427 3775 domm

296 3792 379 3856 soles
407 3793 488 3857 dnos
515 3794 641 3858 faciam.
676 3798 783 3859 nmen
805 3846 810 3858 .
829 3845 835 3858 .
853 3796 885 3871 .’;
915 3814 991 3860 sane
1019 3795 1172 3859 librarius
1202 3797 1320 3880 aliquis
1348 3798 1424 3861 falso

295 3895 391 3960 ‘uam’
408 3897 545 3980 scripsit,
567 3897 648 3961 alius
665 3897 723 3962 'ec'
744 3898 971 3982 superscripsit
987 3899 1060 3962 voci
1076 3899 1184 3981 ‘uam',
1206 3920 1247 3964 cx
1264 3921 1328 3983 qno
1345 3901 1425 3964 alius

295 3999 379 4063 ‘nam
405 4001 446 4064 et'
471 3999 531 4063 sibi
555 4001 792 4066 restituendum
817 4021 887 4066 esse
910 4003 1043 4085 putavit
