3248 4910
369 319 432 384 102
796 326 831 380 bl.
851 325 1073 392 Heinemann,

367 499 546 564 sententiae
563 499 652 583 ipsae
671 499 756 564 inter
773 517 809 564 se
827 496 1030 582 respondent,
1049 515 1130 581 quas
1145 495 1367 561 Gollnischins
1386 494 1444 559 rel
1462 513 1505 558 ex

368 603 468 667 altera
480 601 632 668 Ovidiani
648 600 799 667 carminis
809 603 898 684 parte
914 603 1061 685 repetere
1073 619 1139 665 non
1155 600 1288 667 dubitat
1308 604 1361 666 An
1374 621 1412 666 rc
1425 620 1504 664 vera

369 705 477 770 Ovidii
492 705 589 771 verba
603 707 644 786 (v.
663 706 703 768 15
720 706 796 786 sq.):
820 703 887 768 ‘sed
906 707 1012 768 tamen
1028 704 1091 770 hoc
1105 706 1229 788 melius,
1251 707 1393 789 quamsi
1416 706 1504 770 sine

369 827 495 874 amore
523 809 697 874 iacerem.
736 807 892 872 Hostibus
915 809 1043 872 eveniat
1066 809 1133 872 rita
1155 828 1268 874 severa
1291 811 1388 874 meis’
1417 809 1503 874 benc

370 911 583 977 conferuntur
609 931 684 976 cum
711 910 805 975 Pauli
832 909 955 975 verbis:
984 911 1009 975 εί
1038 911 1074 974 δέ
1101 932 1146 976 τιε
1174 911 1244 990 ἡμῖν
1273 911 1438 990 μέμφεται,
1467 913 1504 976 ἐν
1602 979 1603 992 ,

369 1016 459 1100 πενίη
487 1016 623 1095 μιμνέτω
652 1013 819 1098 οίαγάμῳῖ
847 1013 919 1078 Ηοα
944 1013 1045 1098 igitur
1072 1015 1267 1098 epigramma
1293 1013 1334 1078 ad
1363 1015 1502 1100 elegiam
1602 1051 1603 1076 ι

368 1117 622 1201 recuperandam
645 1115 789 1182 adhiberi
812 1137 876 1181 non
901 1119 1025 1201 poterit.

459 1225 562 1290 Multo
586 1224 753 1289 difficilius
777 1223 985 1308 diiudicatur,
1014 1225 1119 1309 qualis
1141 1227 1222 1291 ratio
1250 1227 1337 1291 inter
1360 1226 1504 1291 Aristae-

369 1330 437 1394 neti
461 1328 630 1412 epistulam
653 1329 699 1394 17
726 1332 758 1395 et
780 1329 981 1414 Asclepiadis
1005 1330 1059 1394 vel
1081 1329 1280 1415 Posidippl1)
1304 1331 1502 1418 epigramma

369 1431 500 1497 Anthol.
517 1431 583 1496 Pal.
599 1433 629 1494 V
646 1433 710 1497 209
735 1432 953 1515 intercedatlt.
985 1432 1086 1498 Cuius
1109 1434 1207 1498 rerba
1229 1435 1311 1500 haec
1334 1441 1428 1500 sunt:

437 1565 512 1644 Σήν,
535 1563 645 1642 Παφίη
672 1565 828 1646 Κυθέρεια,
852 1563 929 1643 παρ’
944 1561 1026 1641 ἠιὸν’
1043 1559 1105 1628 εἶδε
1130 1565 1312 1645 Κλέανδρος

484 1667 600 1732 Νικοῡν
623 1667 659 1732 ἐν
682 1669 837 1746 χαροπαῑε
862 1667 970 1746 κύμαει
993 1668 1179 1748 νηχομένην.

439 1767 612 1847 Καιόμενοε
635 1767 663 1832 δ’
681 1768 734 1833 ὑπ’
750 1767 899 1849 Ἔρωτοε
922 1769 967 1833 ἐνὶ
990 1771 1101 1849 φρεείν
1125 1769 1286 1850 ἄνθρακα(
1309 1771 1400 1851 ὡνὴρ

481 1871 609 1952 Ξηραὺι
631 1873 665 1936 ἐκ
689 1876 823 1951 νοτερῆς
845 1874 960 1938 παιδὸε
985 1873 1189 1937 ἐπεεπάεατα.

439 1975 492 2040 xc
517 1983 573 2054 μὲν
598 1975 741 2049 ἐναυάγει
764 1974 852 2053 γαίη(
875 1975 942 2038 ἔπι·
965 1977 1022 2054 τὴν
1047 1979 1084 2040 δὲ
1107 1978 1260 2057 θαλάεεηε

483 2080 655 2145 Ψαύουιαν
679 2083 786 2159 πρηεῑε
811 2079 936 2158 εἴχαεαν
953 2079 1099 2154 'circuiet

440 2182 507 2246 Νῦν
532 2182 562 2246 δ’
577 2182 643 2247 ’icoc
667 2181 861 2262 ἀμφοτέραις
884 2183 988 2261 φιλίηε
1011 2183 1132 2247 πόθαε·
1156 2180 1214 2246 οὐκ
1238 2182 1355 2248 ἀτελεῖ(
1377 2185 1439 2262 γὰρ

485 2285 591 2368 Εὐχαί,
614 2286 670 2350 τὰε
695 2286 798 2362 κείνη(
821 2281 923 2350 εὔξατ’
940 2283 989 2349 ἐπ’
1006 2285 1158 2366 ἠιόνοεί).

373 2418 609 2500 Argumentum
633 2414 789 2499 epistulae
812 2413 874 2478 hoc
897 2419 960 2478 est:
989 2414 1136 2479 Piscator
1158 2415 1267 2478 narrat
1290 2413 1332 2478 ad
1359 2431 1405 2494 se,
1428 2433 1498 2478 cnm

372 2519 495 2602 piscem
518 2537 536 2582 e
559 2519 640 2582 mari
668 2519 816 2601 traheret,
839 2519 997 2602 virginem
1021 2519 1182 2602 quandam
1204 2518 1334 2584 venisse
1357 2517 1498 2601 petitum

372 2625 416 2703 ut,
441 2620 518 2684 dum
536 2619 706 2705 lavaretur,
726 2627 831 2687 vestes
854 2621 916 2685 sibi
935 2621 1117 2687 custodiret
1142 2621 1234 2699 Quod
1255 2641 1331 2686 cum
1349 2639 1408 2704 spe
1427 2619 1499 2684 alte

373 2725 441 2789 rius
464 2725 601 2808 praedae
624 2726 728 2792 laetus
752 2727 926 2807 annuisset
950 2725 1038 2789 illam
1065 2743 1100 2790 se
1130 2744 1236 2790 coram
1259 2724 1329 2808 ipso
1354 2723 1498 2804 nudasse,

374 2845 473 2910 seque
490 2827 609 2892 eximia
620 2827 859 2912 pulchritudine
871 2827 997 2912 puellae
1008 2827 1243 2892 inflammatum
1260 2825 1388 2910 cupidis
1401 2826 1499 2892 oculis

372 2935 662 3014 praetematantem
678 2935 847 3016 spectasse.
880 2929 944 2996 Sed
963 2951 1037 2996 cum
1048 2931 1169 2996 Veneri
1183 2930 1298 2995 similis
1316 2929 1372 2993 illa
1388 2947 1407 2992 e
1422 2929 1498 2992 mari
1602 3005 1603 3008 Ἴ

373 3033 494 3099 rediret
520 3033 561 3098 ad
584 3038 690 3100 vestes
713 3035 915 3120 recipiendas
943 3035 1067 3118 etipse
1090 3033 1230 3118 puellam
1256 3035 1435 3116 temptaret,
1462 3029 1498 3093 ab

374 3138 455 3201 irata
478 3156 512 3201 se
535 3139 702 3221 reiectum,
730 3139 869 3204 calamos
891 3138 1019 3219 fractae,
1046 3137 1169 3221 piscem
1196 3135 1291 3201 modo
1316 3141 1446 3219 captum
1466 3135 1497 3197 in

374 3239 495 3306 fluctus
525 3242 703 3324 proiectum
736 3261 814 3307 esse.
853 3242 1077 3306 Aristaenetus
1107 3259 1148 3304 en
1176 3240 1245 3324 ipso
1275 3238 1497 3322 epigrammate
1602 3289 1603 3304 ,

376 3345 651 3409 namafiuncnlam
662 3345 829 3429 repetiisse
843 3365 909 3409 non
921 3344 1056 3410 ridetur.
1080 3343 1162 3409 Nam
1174 3344 1235 3408 etsi
1247 3342 1374 3408 exitum
1384 3339 1496 3404 inverti
1602 3333 1603 3414 ζ

377 3447 416 3511 ab
440 3449 509 3532 ipso
533 3449 676 3532 potuisse
702 3449 831 3532 dixeris,
855 3449 1050 3532 epigramma
1071 3446 1179 3530 potius
1202 3445 1405 3510 decurtatum
1434 3461 1496 3508 esse
1602 3499 1603 3518 ,

376 3555 464 3634 puto,
481 3570 555 3616 cum
568 3571 610 3615 ex
625 3556 700 3614 nota
712 3549 848 3634 quadam
864 3549 973 3615 fabula
987 3549 1069 3613 nihil
1081 3550 1145 3614 nisi
1160 3568 1318 3614 summam
1334 3566 1444 3612 rernm
1454 3565 1497 3610 re
1602 3569 1603 3608 i

470 3712 489 3780 ι)
498 3711 662 3766 inscribitur
668 3709 862 3766 Ποιειδίππου
873 3711 891 3778 ἢ
900 3711 927 3766 Ἀ
932 3711 1112 3778 εκληιιιαίδου.
1122 3708 1282 3779 Asclepiadi
1292 3707 1391 3763 tribuit
1400 3706 1496 3762 Paulos

377 3795 475 3850 Schott
499 3795 529 3850 in
552 3795 760 3865 dissertatione,
786 3797 831 3852 cui
854 3797 950 3852 titulus
972 3801 1016 3851 est
1042 3794 1198 3864 ‘Posidippi
1223 3793 1427 3864 epigrammata
1447 3791 1496 3846 col·

376 3881 452 3937 lecta
470 3885 498 3936 et
517 3881 679 3950 illustrata’,
698 3882 794 3936 Berlin
813 3881 890 3950 1905,
909 3898 936 3952 p.
949 3881 993 3937 93.

468 3965 1494 4042 ²)EgitdeeareReitzensteiniusinEncyclopaediaPauly-wissowatii
1602 3959 1603 4036 3

377 4071 403 4124 p.
416 4053 459 4110 91.
473 4055 515 4110 92.

468 4145 490 4214 ³>
516 4145 620 4200 Eadem
646 4146 781 4202 narrandi
806 4146 897 4201 lorma
921 4147 950 4202 in
976 4145 1178 4216 epigrammate
1202 4143 1289 4199 utitur
1315 4142 1494 4198 Callimachus
1602 4117 1603 4190 Ῑ

378 4227 490 4282 Anthol.
509 4229 568 4284 Pal.
587 4231 654 4286 Vd:
667 4228 776 4296 Ὠμιιιε
796 4261 830 4270 -
849 4235 901 4284 νῦν
920 4232 975 4285 δ’ὁ
997 4232 1047 4296 μὲν
1066 4248 1090 4286 κ.
1103 4247 1127 4286 τ.
1141 4232 1162 4284 ἔ.
