3406 4786
161 340 312 411 Epistulae
327 341 484 396 amatoriae
497 341 638 412 quomodo
649 341 820 396 cohaereant
833 357 896 396 cum
911 342 1009 412 elegiis
1018 341 1226 397 Alexandrinis.
1256 336 1296 400 31

164 511 269 589 Quam
295 514 363 577 arto
387 515 493 576 autem
519 517 622 577 totum
645 531 749 596 genus
773 533 847 578 cum
871 513 1036 578 rhetorum
1059 514 1175 578 studiis
1204 517 1299 597 atque

163 617 308 681 maxime
350 636 424 681 cum
466 617 807 699 praeexercitamentis
847 616 913 682 illis
956 618 1143 699 cohaereat,
1186 617 1299 684 Rohde

164 720 244 784 satis
275 719 433 803 exposuit
476 719 514 783 In
546 718 665 802 quibus
696 719 783 802 quod
814 721 910 784 etiam
940 721 1097 805 epistulae
1127 721 1299 787 amatoriae

162 823 387 906 inveniuntur,
410 842 506 887 nemo
529 823 706 886 mirabitur.
735 823 789 888 Sic
811 823 846 887 in
865 823 1007 889 Petronii
1033 843 1162 908 quoque
1186 826 1299 889 satiras

163 926 313 1010 pervenit
341 925 484 1009 epistula,
509 945 605 1009 quam
628 924 719 990 vides
748 946 815 1010 cap.
834 928 906 991 130.
942 927 1137 1012 Exemplum
1165 927 1299 992 afferam

164 1049 207 1094 ex
236 1030 467 1111 vetustissima,
498 1048 582 1112 quae
612 1031 678 1093 tota
707 1029 801 1094 nobis
830 1035 956 1093 servata
985 1037 1045 1112 est,
1077 1029 1239 1095 Chaereae
1268 1034 1300 1096 et

164 1132 362 1198 Callirrhoae
377 1132 495 1214 fabula,
515 1132 608 1197 cuius
625 1136 737 1198 auctor
753 1133 882 1198 Charite
899 1139 956 1215 est,
975 1133 1084 1199 locum
1102 1133 1150 1197 IV
1165 1136 1203 1198 4:
1228 1135 1300 1200 llei-

164 1240 251 1300 θεται
270 1234 402 1312 Χαιρέας
427 1236 477 1298 καὶ
499 1235 600 1313 μόνος
625 1236 676 1302 ἐπ’
696 1238 822 1316 ἐρημίας
845 1237 1019 1316 γενόμενος
1044 1237 1137 1316 ἤθελε
1155 1237 1299 1321 γράφειν,

163 1340 233 1404 ἀλλ’
253 1339 313 1406 οὐκ
340 1341 479 1418 ἠδύνατο
504 1339 653 1418 δακρύων
677 1340 892 1419 ἐπιρρεόντων
920 1342 1048 1419 καὶτῆς
1072 1341 1175 1419 χειρὸς
1198 1341 1298 1406 αὐτού

162 1445 347 1523 τρεμούςης.
372 1442 576 1508 ἀποκλαύςας
602 1443 715 1507 δὲτὰς
739 1443 855 1507 ἑαυτοῦ
878 1443 1043 1522 ςυμφορὰς
1069 1443 1160 1522 μόλις
1182 1443 1298 1522 ἤρξατο

162 1547 311 1625 τοιαύτη(
336 1547 516 1624 ἐπιςτολῆς·
536 1544 730 1628 ’Καλλιρρόῃ
751 1532 897 1624 Χαιρέας·
917 1550 962 1608 ζῶ
982 1546 1033 1609 καὶ
1052 1549 1097 1609 ζῶ
1117 1546 1169 1609 διὰ
1190 1546 1299 1624 Μιθρι-

164 1650 264 1728 όάτην
373 1649 578 1713 καταςιτὲνδω
607 1647 732 1712 τούτων
766 1666 827 1724 μου
858 1650 923 1710 τῶν
951 1647 1147 1724 γραμμάτων
1176 1647 1299 1725 δάκρυα

163 1753 213 1816 καὶ
236 1752 401 1831 φιλήματα
429 1752 518 1815 κ.τ.ἕ.
552 1749 621 1813 Iam
647 1748 806 1813 Ricardus
829 1748 989 1831 Burgum)
1022 1748 1105 1812 hanc
1129 1749 1299 1832 epistulam

163 1874 239 1919 cum
274 1854 346 1918 aliis
381 1853 527 1937 epistulis
562 1852 650 1916 fictis
681 1853 880 1936 comparavit
919 1853 951 1915 et
989 1853 1106 1915 statum
1138 1852 1299 1918 Chaereae

163 1957 335 2022 scribentis
366 1955 478 2021 eodem
511 1953 606 2019 modo
639 1960 736 2038 atque
765 1953 948 2020 Arethusae
981 1953 1067 2038 apud
1094 1955 1298 2039 Propertium

163 2061 221 2143 (ιιι
242 2063 271 2141 3,
289 2061 404 2143 3-6μ

326 2189 359 2254 Si
384 2209 448 2271 qua
470 2193 578 2252 tamen
602 2186 662 2251 tibi
684 2187 809 2252 lecturo
833 2207 906 2271 pars
930 2186 1029 2252 oblita
1052 2186 1143 2271 derit,

379 2292 471 2356 Haeo
495 2291 556 2355 erit
579 2310 596 2355 e
619 2290 761 2356 lacrimis
783 2291 869 2355 faeta
890 2291 987 2355 litura
1010 2292 1107 2356 meis:

325 2398 394 2460 Aut
416 2395 442 2459 si
467 2415 531 2477 qua
553 2394 677 2459 incerto
701 2394 791 2459 fallet
812 2397 845 2459 te
867 2395 975 2460 littera
997 2398 1113 2478 tractu,

380 2499 480 2580 Signa
502 2516 593 2562 meae
617 2496 750 2562 dextrae
773 2497 837 2561 iam
861 2498 1028 2562 morientis
1052 2501 1148 2562 eruut

163 2636 194 2695 et
204 2627 388 2695 Chelidonii
400 2627 485 2711 apud
497 2626 737 2692 Aristaenetum
749 2626 793 2709 (Π
805 2628 862 2691 13;
880 2627 1085 2692 καταςπὲνδω
1100 2628 1221 2707 δάκρυα
1232 2632 1298 2693 τῶν

161 2733 356 2811 γραμμάτων
380 2780 435 2794 ...
458 2733 558 2794 ταῦτα
577 2731 733 2812 γέγραφα,
756 2731 795 2807 νὴ
818 2731 893 2794 τοὺς
910 2729 1065 2812 Ἔρωτας,
1086 2730 1299 2809 άςθμαίνοιιςα

163 2837 213 2900 καὶ
229 2835 446 2913 δεδακρυμὲνη
468 2834 519 2897 καὶ
534 2833 604 2897 καθ’
618 2835 748 2898 ἕκαςτον
766 2831 813 2896 ὼν
829 2831 1015 2896 ἐπέςτελλον
1032 2831 1299 2916 ἀναςτενάζουςα)

164 2935 304 3001 describi
334 2933 509 3000 contendit
547 2934 654 2999 Etiam
684 2935 787 3018 magis
818 2932 963 2999 eiusdem
993 2932 1177 2998 charitonis
1207 2935 1298 2999 locus

163 3039 245 3103 VIII
266 3039 287 3103 4
316 3037 418 3120 docet,
447 3056 530 3120 quae
555 3037 703 3121 cognatio
727 3034 906 3101 intercedat
928 3036 1014 3100 inter
1036 3036 1190 3120 epistulas
1213 3057 1299 3102 ama-

163 3142 271 3224 toriae,
295 3160 378 3224 quee
400 3139 520 3205 fabulis
539 3139 787 3204 romanensibus
810 3140 951 3204 insertae
970 3142 1054 3222 sunt,
1078 3143 1111 3203 et
1133 3139 1298 3204 rhetorum

165 3245 422 3311 exercitationes.
446 3242 564 3309 Scribit
583 3244 669 3307 enim
690 3241 866 3306 Callirrhoe
885 3241 1070 3325 profectura
1088 3241 1248 3325 Dionysio
1267 3248 1300 3308 et

164 3348 204 3413 ab
221 3349 283 3412 hoc
298 3347 405 3411 filium
421 3365 626 3411 communem
640 3345 820 3429 respiciens
840 3345 929 3429 petit,
952 3363 994 3408 ne
1013 3344 1144 3410 alteram
1160 3365 1298 3410 uxorem

165 3452 200 3515 in
223 3450 465 3515 matrimonium
493 3448 604 3514 ducat:
634 3448 692 3528 εἰμί
715 3448 776 3527 γάρ
804 3454 841 3530 τῇ
866 3454 952 3531 ψυχῇ
981 3450 1056 3526 μετὰ
1081 3452 1138 3513 ςού
1167 3450 1218 3514 διὰ
1240 3451 1298 3514 τὸν

166 3556 276 3621 κοινὸν
299 3555 380 3631 υἱόν,
404 3554 443 3618 ὃν
463 3553 729 3632 παρακατατίθημί
753 3573 801 3616 ςοι
824 3551 986 3632 ἐκτρέφειν
1008 3573 1043 3617 τε
1066 3555 1115 3616 καὶ
1138 3552 1298 3618 παιδεύειν

166 3657 261 3723 ἀξίως
293 3660 393 3735 ἡμῶν.
437 3657 477 3735 μή
509 3655 589 3740 λάβῃ
622 3659 658 3720 δὲ
690 3659 800 3733 πεῖραν
832 3659 1009 3733 μητρυιᾶς.
1055 3655 1160 3732 Quem
1191 3656 1299 3720 locum

167 3778 372 3826 communem
395 3757 562 3840 mandatis,
586 3777 668 3840 quae
692 3776 813 3822 uxores
832 3757 1004 3822 relicturae
1022 3761 1153 3822 maritos
1173 3757 1298 3841 dabant,

166 3865 252 3928 inter
270 3863 416 3928 rhetores
433 3860 633 3944 divulgatum
647 3860 750 3924 fuisse
771 3879 789 3924 e
804 3859 972 3944 Propertio
988 3860 1047 3942 (IV
1066 3863 1116 3945 11,
1135 3864 1152 3925 7
1157 3863 1176 3925 3
1188 3862 1299 3945 sqq.¹))

168 3964 321 4032 concludi
343 3967 464 4048 potest:

168 4082 384 4095 —..——

261 4150 281 4214 ¹)
300 4147 349 4201 ‘De
368 4145 461 4202 Ovidii
479 4145 637 4201 carminum
656 4144 858 4201 amatoriorum
877 4141 1042 4199 inventione
1062 4149 1090 4200 et
1108 4145 1179 4201 arte'
1198 4162 1223 4216 p.
1236 4146 1281 4203 35.

259 4237 280 4303 ’l
297 4235 376 4304 Quae
395 4236 485 4306 elegia
502 4235 663 4305 idolopoeia
682 4238 733 4290 est.
