3096 4924
279 353 482 423 Quaestiones
502 353 614 409 criticae
633 352 662 408 15
680 351 877 422 Aristophanis
896 351 1016 407 fabulas.
1173 347 1220 410 93

99 532 205 592 textum
220 528 356 610 recepit,
377 545 576 609 5555555551
594 524 788 606 8155655115
805 543 878 589 eam
895 543 937 588 ex
956 527 1221 612 interpretatione

99 637 188 696 num
208 649 280 694 esse
310 635 471 693 55155551.
510 627 575 693 Sed
595 647 662 691 nun
683 629 792 692 ninus
815 629 903 692 recte
927 629 1090 696 5111551555
1112 635 1221 715 poesis

99 733 311 816 imperativum
323 732 388 796 ἔλθ’
407 731 503 796 veriti
518 731 561 795 ἴθ’
576 729 758 813 explicandi
778 749 875 795 cuuse
892 731 1091 816 adscriptum
1107 733 1216 802 151555

100 835 188 912 Qum
209 835 250 900 οδ
274 854 343 899 rem
366 835 546 916 5165511155,
568 839 674 898 uhun
699 833 787 911 δεῦρ’
806 833 871 897 ἔλθ’
890 855 933 898 55
951 837 1039 914 δεῦρ’
1059 837 1099 900 1θ’
1120 840 1221 902 comi-

100 957 152 1004 55
169 939 286 1002 dixisse
316 937 482 1021 pnhundus
510 938 561 1001 sit
600 935 708 1018 Atque
729 936 817 1002 lucos
841 937 1025 1021 5115555555,
1049 940 1170 1023 551555
1189 941 1222 1007 R

100 1041 236 1106 511151
259 1042 293 1122 11,
320 1043 378 1123 551
400 1061 461 1124 pro
476 1040 507 1101 V
531 1045 615 1121 sunt,
639 1039 768 1104 5561555
791 1039 824 1103 15
849 1039 900 1102 115
922 1041 1141 1108 locutionibus
1162 1063 1219 1108 ex-

101 1143 236 1210 hiheedis
253 1144 479 1210 consentiunt:
504 1147 601 1221 δεῦρο
621 1161 698 1206 curn
715 1144 786 1207 ἐλθὲ
803 1143 838 1206 15
858 1143 917 1226 Eq.
936 1146 1008 1226 150,
1029 1147 1103 1228 559,
1123 1149 1219 1230 1335,

100 1247 148 1314 Pe
167 1249 242 1327 769,
271 1246 326 1312 Re
347 1248 422 1327 549,
452 1246 508 1310 Th.
532 1246 613 1324 6343
644 1248 742 1323 δεῦρο
770 1265 848 1309 cnm
869 1245 977 1312 ἔξελθε
1005 1249 1040 1310 15
1062 1247 1120 1331 eq.
1142 1251 1218 1331 725,

100 1349 238 1431 11555
255 1351 357 1428 1485;
384 1351 485 1428 δεῦρο
502 1367 576 1412 cum
595 1349 635 1410 ier
656 1347 689 1411 15
709 1348 791 1412 Ach.
809 1351 883 1430 155,
901 1351 961 1412 Ar.
979 1352 1053 1432 252,
1072 1351 1127 1416 Ec.
1145 1355 1222 1436 737,

100 1453 171 1534 888,
194 1453 248 1535 Ep
271 1453 372 1532 1389,
395 1451 447 1516 Is
472 1452 572 1528 1271,
595 1450 655 1514 Nb.
677 1452 755 1532 932,
781 1451 836 1516 Pe.
855 1454 911 1534 79,
933 1454 1012 1534 298,
1036 1453 1220 1534 115.1368;

100 1560 192 1634 heico
207 1576 280 1620 euru
294 1557 370 1620 ἔξιθι
385 1557 420 1617 15
437 1554 492 1619 Ec
511 1557 586 1634 734,
602 1555 676 1618 739.
701 1556 812 1637 Atque
827 1556 923 1619 511515
942 1556 1024 1621 51155
1041 1557 1223 1622 locutiones

99 1659 304 1741 iuvarentur,
321 1679 348 1724 5.
359 1679 389 1742 g.
407 1659 466 1740 uq.
479 1660 544 1722 586
561 1658 649 1736 δεῦρ’
666 1657 784 1738 ἀφικοῦ
802 1661 834 1722 51
848 1657 899 1721 Le.
915 1661 999 1722 1263
1021 1661 1096 1737 μόλε
1112 1665 1220 1741 δεῦρο

99 1761 216 1826 Novem
229 1763 328 1846 igitur
346 1763 427 1827 1555
443 1761 573 1826 codices
589 1762 674 1826 inter
692 1779 729 1825 ee
747 1762 955 1826 consentiunt
969 1763 1002 1825 in
1023 1783 1101 1828 voce
1121 1767 1224 1842 heheu

98 1885 170 1930 cu
190 1869 259 1931 uei
286 1865 340 1930 vel
369 1866 477 1930 ἰξελθε
506 1866 686 1929 555155515.
721 1863 901 1928 Duodecim
925 1865 1005 1929 15515
1032 1866 1224 1932 adverbium

99 1973 234 2034 nostruin
261 1989 336 2032 5551
358 1968 400 2032 ἴθι
428 1967 481 2032 vei
505 1967 578 2033 ἔξιθι
602 1968 814 2032 coniunctum
837 1967 1016 2032 exhibetur.
1053 1969 1224 2051 Nusquam

98 2089 171 2134 vero
187 2071 317 2135 formum
337 2070 419 2154 plur.
438 2071 584 2153 imperet
603 2069 711 2134 ἔλθετε
735 2089 811 2133 cum
830 2073 928 2149 δεῦρο
948 2073 1153 2136 coniunctum
1171 2073 1222 2136 in-

98 2175 246 2238 venimus
268 2174 391 2238 Plurali
408 2173 496 2238 enim
515 2174 543 2236 si
562 2191 643 2256 opus
659 2177 735 2254 5551,
758 2173 991 2256 Aristophanes
1009 2175 1222 2257 1551115511,

99 2276 187 2340 vetut
199 2279 231 2340 15
247 2276 301 2341 Pc
315 2279 368 2358 79,
383 2275 440 2340 Ra
456 2276 552 2340 1368.
580 2275 694 2358 Neque
711 2275 744 2338 15
767 2275 937 2340 verborum
955 2279 1114 2360 positione
1129 2282 1225 2362 poete

99 2379 158 2442 sibi
180 2380 330 2459 constitit,
358 2399 435 2444 cum
463 2379 652 2443 adverbium
682 2383 714 2443 51
741 2384 814 2442 ente
843 2383 875 2443 et
903 2387 976 2462 post
997 2381 1225 2464 imperativum

99 2481 261 2546 5511555151
288 2489 321 2547 51
347 2484 384 2546 15
405 2481 459 2546 Th.
482 2481 562 2563 634,
586 2481 637 2546 Le.
656 2483 739 2545 1271
765 2481 991 2565 imperativum
1020 2503 1099 2547 voce
1123 2487 1226 2563 δεῦρο

99 2581 149 2648 bis
169 2587 266 2668 pesiu
288 2583 568 2650 circumcluderet
605 2584 676 2661 Qre
699 2605 741 2648 ex
770 2589 1007 2669 computatione
1029 2587 1227 2670 perspicitur

99 2697 202 2752 nostre
224 2689 295 2754 1555
317 2707 387 2753 rem
405 2707 474 2752 555
496 2688 540 2752 iu
562 2687 735 2772 disceptari
751 2708 853 2771 posse,
879 2690 1056 2754 5155119
1080 2697 1136 2753 551
1158 2690 1223 2754 ἔλθ’

101 2789 249 2871 51555155
263 2811 334 2856 esse
350 2792 487 2856 1155155.
510 2791 622 2873 115555
640 2791 675 2854 id
690 2791 776 2874 quod
792 2792 826 2856 15
843 2792 933 2856 libris
948 2791 1017 2858 fide
1031 2797 1158 2876 praeter
1173 2811 1228 2856 ce-

101 2898 183 2957 15155
200 2895 306 2979 dignis
328 2895 458 2978 legitur,
481 2895 703 2978 recipiendum
726 2897 795 2960 erit
829 2897 937 2978 Atque
960 2917 1033 2960 eum
1053 2901 1179 2978 prester
1196 2896 1229 2960 11

101 2998 191 3061 etim
206 2997 269 3064 HA
289 2999 409 3080 5111555
426 2997 557 3064 codices
572 2997 636 3062 ἔλθ’
653 2998 827 3081 praebeant
846 3005 878 3062 et
893 3007 1001 3064 nostro
1017 3001 1088 3064 loco
1104 3000 1229 3064 similes

101 3101 457 3184 invenientesque
478 3101 567 3178 δεῦρ’
582 3101 656 3182 ἔλθ’,
679 3103 733 3166 ἵνα
748 3103 843 3185 5695
859 3104 920 3165 727
940 3103 1049 3182 ἔξελθ’,
1072 3103 1116 3167 ἵν’
1134 3104 1226 3185 εἰδῇς

102 3201 158 3267 ut.
179 3207 243 3268 822
268 3204 429 3285 πρὸεελθ’,
457 3204 504 3266 ἵν’
525 3205 608 3286 εἰδῇ(
635 3207 772 3286 πλείονα,
803 3205 938 3268 dubium
966 3223 1030 3267 555
1060 3211 1116 3286 551,
1147 3205 1227 3287 5515

103 3305 235 3373 beticii
257 3307 346 3385 δεῦρ’
363 3306 443 3383 ἔλθ’,
466 3308 521 3370 ἰ’νο
544 3307 645 3390 κλάῃ(
667 3305 823 3370 servande
845 3308 894 3370 sit.

187 3411 222 3474 V.
238 3413 279 3474 62
304 3411 397 3474 libris
421 3411 472 3473 sic
494 3409 680 3474 exhibetur:
704 3412 774 3488 περὶ
797 3409 997 3486 τούνόματος
1025 3409 1055 3473 δ’
1077 3411 1229 3487 ἠντεῡθεν

104 3511 148 3594 (R
164 3519 221 3593 δῆν
237 3517 388 3580 ὲντεύθεν
407 3513 445 3594 V,
471 3512 539 3590 δῆτ’
558 3513 592 3593 8)
614 3514 870 3592 ἐλοιδορούμεθα.
899 3513 935 3576 G.
952 3513 1159 3576 Hermennus
1178 3512 1228 3588 διλ’

105 3618 231 3682 'mices
252 3617 410 3701 reposuit
440 3615 535 3691 Ques
553 3615 649 3680 verbe
673 3619 802 3699 propter
820 3635 983 3680 caesuram
1003 3636 1133 3699 pravam
1154 3635 1232 3678 555-

106 3723 194 3801 psesti
208 3723 329 3786 criticis
341 3717 592 3801 Aristophaneis
608 3717 737 3782 tolerari
751 3737 815 3781 555
833 3737 925 3801 posse
938 3718 1097 3782 videntur.
1117 3718 1231 3800 Neque

107 3823 205 3890 1115515
215 3824 375 3910 Eugeia,
388 3819 594 3902 Blaydesius
603 3820 758 3901 Kockius,
770 3821 823 3886 ulii
840 3823 875 3884 in
887 3827 1060 3904 anapaesto
1072 3826 1140 3885 -θεν
1153 3821 1233 3885 ἐλοι·

104 3929 297 3996 offenderunt
324 3926 420 3992 Talis
437 3924 526 3987 enim
542 3923 653 3987 incisio
672 3925 837 4006 5555115511
850 3925 956 3988 vicem
975 3924 1073 3988 iambi
1090 3923 1234 4007 gerentis

99 4033 257 4122 inquam
283 4030 382 4119 pede
411 4027 553 4088 trimetri
580 4025 709 4090 iambici
735 4027 815 4090 ferri
837 4046 901 4090 non
930 4033 1042 4109 potest,
1072 4027 1234 4090 51515515

93 4149 193 4214 ierhhrn
216 4141 319 4208 arsin
346 4129 475 4216 gravis
498 4146 627 4193 caestus
649 4129 695 4210 111,
720 4129 865 4193 velutin
890 4129 941 4193 15.
959 4131 1023 4193 768
1048 4132 1087 4208 μὴ
1113 4131 1232 4194 εταειά-

84 4274 180 4340 w·
199 4249 208 4337 J
228 4247 302 4313 pm
331 4231 416 4301 δ’ὁ
449 4231 584 4308 xpristi&
609 4233 728 4314 515551,
751 4232 806 4298 ua.
829 4233 892 4294 652
917 4232 1089 4310 ἅνθρωπο(
1112 4229 1232 4319 trehet
