3406 4786
189 334 339 406 Epistulae
353 334 508 390 amatoriae
521 333 661 404 quomodo
675 335 847 390 cohaereant
861 350 925 390 cum
939 335 1036 404 elegiis
1047 334 1253 391 Alexandrinis.
1283 330 1325 393 85

359 505 456 582 ‘Quid
478 506 568 571 iuvat
589 509 702 572 ornato
726 506 910 592 procedere,
933 508 1008 590 vita,
1032 506 1147 591 capillo

404 609 446 673 Et
468 611 581 674 tenues
605 609 670 674 (loa
692 618 784 675 reste
807 629 936 675 movere
960 611 1087 675 sinusi'

360 711 422 788 Qui
445 731 568 795 versus,
592 712 676 777 Coae
700 711 826 778 dederit
848 733 910 778 nec
933 733 1066 778 munera
1089 715 1197 796 vestie,

405 816 496 881 Illius
519 816 579 881 tibi
602 819 644 881 sit
666 818 763 882 surda
785 819 855 884 sine
880 838 954 883 aere
976 818 1054 901 lyra

195 957 273 1003 cum
296 937 496 1002 Aristaeneti
519 938 611 1001 114:
639 937 726 1004 τίδὲ
750 940 799 1004 καὶ
827 939 961 1022 donaret
989 939 1086 1020 ἔφητε
1118 939 1192 1003 ὀὐκ
1222 939 1328 1005 ἐπιθυ-

198 1044 272 1123 μεῑε,
292 1039 319 1103 ὠ
338 1041 487 1122 παρθένε,
505 1041 649 1116 γενὲεθαι
667 1044 764 1120 γυνή;
785 1043 872 1122 μέχρι
888 1043 974 1107 τίνοε
992 1042 1153 1121 παρθένος
1171 1044 1221 1106 καὶ
1239 1043 1328 1123 κόρη,

196 1143 237 1206 τὰ
258 1146 325 1207 τῶν
349 1142 497 1220 ἀνοήτων
521 1145 690 1226 ὀνόματα;’
729 1144 791 1208 His
816 1163 928 1209 rursus
956 1163 1030 1209 cum
1057 1143 1137 1209 locis
1165 1163 1329 1228 compares

197 1244 233 1307 in
256 1245 369 1328 primis
392 1245 500 1311 Plauti
523 1248 692 1313 asinariae
716 1249 781 1311 524
791 1267 855 1330 sq.:

245 1364 331 1442 Quid
355 1364 466 1430 dedit?
495 1368 573 1450 quid
597 1366 757 1453 deportari
786 1369 880 1432 iussit
902 1367 944 1432 ad
965 1370 1048 1433 nos?
1077 1389 1118 1433 an
1142 1367 1202 1454 [tu]
1227 1367 1286 1431 tibi

245 1468 369 1533 Verba
383 1468 523 1535 blanda
540 1490 611 1536 esse
623 1492 738 1536 auium
750 1491 830 1554 rere,
842 1471 944 1537 dicta
957 1471 1147 1556 doctapro
1164 1471 1285 1536 datis?

198 1593 320 1678 quibus
332 1595 480 1660 versibus
495 1599 598 1662 mater
612 1597 701 1662 filiae
717 1600 888 1682 praecepta
903 1599 1085 1663 meretricia
1101 1598 1161 1662 dat.
1185 1595 1331 1678 Accedit,

197 1697 286 1780 quod
310 1698 345 1760 in
364 1697 509 1781 Luciani,
533 1701 589 1782 qui
608 1720 627 1762 a
646 1700 819 1765 comoediis
844 1719 939 1784 saepe
962 1699 1089 1784 pendet,
1113 1699 1246 1783 dialogis
1266 1718 1331 1764 me

199 1800 339 1864 retriciis
362 1801 464 1883 (velut
488 1805 519 1882 7)
543 1802 661 1866 similia
683 1803 844 1887 leguntur.

290 1903 393 1967 Vides
424 1903 544 1968 Leonis
575 1907 768 1969 sententiam
798 1905 952 1989 speciosis
983 1905 1095 1970 fulciri
1126 1906 1331 1988 argumentis

197 2003 264 2070 Sed
294 2008 393 2070 restat
423 2005 463 2071 de
490 2007 561 2092 ipsa
587 2009 786 2073 Aristaeneti
816 2008 952 2092 epistula
982 2007 1137 2073 dubitatio
1167 2009 1332 2092 quaedam.

199 2108 316 2191 Neque
340 2110 425 2173 enirn
449 2111 485 2172 in
503 2109 649 2174 doctrina
672 2110 773 2194 lenae,
797 2112 934 2176 sirecte
958 2130 1028 2176 eam
1046 2111 1207 2195 intellego,
1231 2117 1334 2175 totum

197 2218 426 2295 argumentum
454 2216 607 2297 versatur,
640 2214 696 2277 sed
727 2215 761 2277 in
789 2216 937 2299 ἠθοποιὶᾳ
966 2214 1103 2298 virginis
1133 2216 1271 2280 intactae
1302 2218 1335 2279 et

199 2319 309 2379 tamen
322 2319 499 2398 corruptae,
513 2334 618 2398 neque
630 2315 670 2380 de
683 2317 888 2399 camninibus,
902 2335 983 2400 quae
996 2317 1129 2401 apoetis
1141 2317 1333 2400 offeruntur,

199 2416 259 2481 sed
279 2415 319 2481 de
338 2417 441 2481 solitis
461 2416 719 2484 adulescentium
737 2419 869 2502 artibus,
889 2420 1007 2503 quibus
1025 2420 1074 2483 illi
1093 2420 1211 2484 elicere
1230 2420 1335 2485 solent

201 2519 335 2604 puellas,
351 2521 464 2604 agitur.
497 2520 650 2586 Conferas
666 2521 763 2585 velim
781 2518 1029 2602 descriptionem
1051 2517 1280 2602 lepidissimam
1300 2519 1334 2582 in

200 2623 349 2689 eiusdem
364 2624 560 2688 Aristaeneti
576 2623 713 2708 epistula
731 2623 794 2686 12:
815 2623 951 2704 Ἑεπὲρᾳ
969 2627 1005 2703 τῇ
1025 2624 1198 2706 προτεραίᾳ
1217 2625 1335 2706 μελῳ-

202 2727 335 2791 δοῦντί
359 2748 411 2805 μοι
434 2728 512 2792 κατά
539 2748 609 2792 τινα
633 2728 796 2792 (τενωπὸν
820 2727 881 2789 δύο
913 2724 1003 2804 κόραι
1032 2728 1214 2804 προεῆλθον
1238 2726 1333 2790 κ.τ.ἕ.

201 2827 371 2893 Contraria
395 2828 629 2912 quodammodo
657 2849 709 2894 res
735 2834 845 2893 nostra
873 2827 1010 2911 epistula
1036 2827 1191 2912 refertur:
1220 2826 1336 2892 incidit

200 2935 333 3016 amator,
359 2935 414 3016 qui
438 2935 531 2998 aliter
553 2937 649 3017 atque
672 2931 884 3017 Asclepiades
906 2931 961 2996 ille
989 2931 1131 3013 (Anthol.
1151 2931 1216 2996 Pal.
1234 2932 1332 2996 V85:

203 3036 302 3120 Φείδῃ
318 3039 488 3116 παρθενίης
505 3060 532 3103 κ.
539 3059 564 3102 τ.
574 3039 609 3118 t.)
626 3037 842 3121 virginitatem
858 3034 973 3098 stultae
989 3034 1144 3099 infantiae
1165 3053 1235 3099 esse
1252 3035 1335 3099 ceci·

202 3144 304 3221 nerat,
319 3140 354 3203 in
369 3139 508 3224 puellam
524 3141 639 3205 rudem
655 3138 786 3223 quidem
801 3138 896 3220 illam,
916 3136 974 3201 sed
989 3137 1110 3202 saeculi
1126 3137 1177 3203 sui
1192 3136 1335 3201 moribus

202 3261 270 3306 non
285 3243 393 3306 minus
409 3244 578 3308 excultam.
603 3243 693 3307 Inest
704 3244 739 3306 in
751 3242 812 3305 hac
823 3243 893 3325 ipsa
905 3240 1039 3323 virginis
1052 3239 1266 3324 descriptione
1279 3240 1335 3304 ali-

202 3344 285 3427 quid
303 3346 472 3428 acuminis,
492 3345 579 3429 quod
597 3365 692 3430 saepe
712 3345 809 3410 etiam
825 3348 1036 3427 captaverunt
1052 3342 1334 3426 Francogallorum

202 3448 387 3531 scriptores,
412 3468 486 3513 cum
504 3451 673 3513 amatorias
693 3452 922 3530 componerent
937 3442 1143 3527 narrationes
1160 3445 1246 3528 quod
1262 3464 1335 3510 sen·

202 3551 286 3614 sisse
305 3552 402 3614 etiam
420 3552 542 3616 Paulus
566 3552 620 3616 ille
639 3550 843 3616 silentiarius
862 3548 998 3630 ridetur,
1022 3549 1078 3631 qui
1101 3548 1239 3632 puellam
1263 3555 1336 3633 post

203 3654 272 3716 vim
291 3653 417 3718 allamm
435 3656 497 3719 hoc
515 3655 656 3720 maxime
676 3654 851 3720 deflentem
869 3653 1003 3734 inducit,
1025 3651 1111 3735 quod
1129 3656 1226 3716 nunc'
1236 3654 1335 3735 gratis

202 3757 318 3822 florem
342 3776 438 3822 suum
461 3758 574 3842 largita
597 3759 640 3822 sit
673 3757 813 3839 (Anthol.
830 3756 896 3820 Pal.
915 3756 943 3818 V
960 3757 1033 3838 275,
1051 3758 1080 3819 9.
1098 3756 1167 3836 10);

313 3883 447 3966 Σχέτλιε,
471 3887 531 3948 νῦν
555 3887 612 3962 μὲν
635 3883 744 3964 ἔρεξα(
767 3882 786 3947 ὅ
809 3903 860 3947 τοι
883 3883 989 3964 φίλον,
1013 3882 1040 3964 ᾧ
1064 3881 1115 3946 ἔπι
1138 3883 1261 3946 πουλὺν

357 3986 500 4050 Πολλάκι
518 3990 574 4064 εῆε
593 3987 736 4065 παλάμηε
755 3986 871 4065 χρυεὸν
890 3983 1117 4063 ἀπωμοεάμην.

203 4109 250 4185 Hi
266 4110 392 4194 puellae
408 4130 512 4176 mores
527 4117 564 4175 ut
580 4111 791 4195 explicentur,
807 4109 925 4174 sororis
941 4109 1126 4193 exemplum
1142 4113 1174 4174 et
1189 4108 1336 4176 doctrine

203 4213 396 4278 afferuntur.
432 4214 489 4297 Ita,
514 4233 596 4296 quae
619 4214 704 4278 inter
723 4213 841 4297 elegias
857 4216 889 4277 et
905 4211 1074 4296 epistulam
1091 4212 1270 4295 intercedit,
1294 4215 1336 4278 si·
