3248 4910
372 425 415 488 40
799 431 835 485 Μ.
854 431 1078 500 lieinemann,

372 603 433 667 erit
449 622 522 668 cum
538 603 589 667 his
600 603 751 668 laudibus
764 603 924 688 Propertii
941 602 1367 680 carmenISbcouterr01).
1384 599 1515 666 Eodem

370 706 439 770 fere
461 704 556 770 modo
580 705 735 790 Aloiphro
760 709 792 771 et
819 705 1006 790 Propertius
1030 710 1161 770 narrant
1188 704 1226 769 ab
1252 705 1368 768 amatis
1392 701 1516 788 puellis

371 805 488 873 divites
517 813 676 873 amatores
703 811 828 892 spretos
852 827 940 886 esse3
969 807 1040 872 illas
1063 808 1152 872 nulla
1174 807 1315 891 pecunia
1339 811 1516 889 corruptas

370 910 471 976 iidem
483 910 679 995 pauperibus
692 911 886 976 amatoribus
899 891 1114 976 conservasse.
1137 910 1253 994 Neque
1266 911 1354 974 enim
1368 909 1516 992 Cynthia

371 1014 497 1080 deserto
516 1017 612 1100 poeta
631 1035 706 1080 cum
723 1017 870 1100 praetore
889 1015 1048 1100 locuplete
1067 1015 1103 1078 in
1118 1014 1262 1097 Illyrium
1281 1014 1432 1098 profecta
1454 1015 1515 1092 est,

371 1123 404 1183 et
426 1118 572 1201 Bacchis,
601 1137 683 1202 quae
713 1119 851 1218 epistula
878 1118 1086 1203 Aloiphronis
1115 1117 1279 1198 laudatur,
1312 1115 1514 1182 Meneclidis

370 1221 473 1305 gratia
488 1241 573 1305 opeS,
589 1241 668 1305 quas
684 1221 799 1287 Medus
817 1225 849 1287 et
864 1221 1045 1306 Aegyptius
1062 1223 1219 1285 mercator
1234 1221 1264 1286 ei
1280 1220 1514 1304 promiserant,

370 1325 461 1409 parvi
484 1325 671 1390 aestimavit.
711 1325 758 1390 cf.
774 1325 933 1410 Propertii
956 1325 1047 1408 I8h,
1072 1326 1221 1389 33-38:

478 1453 537 1518 illa
560 1453 613 1518 vel
635 1461 797 1538 angusto
821 1474 949 1520 mecum
971 1456 1175 1538 requiescere
1198 1453 1302 1519 lecto

532 1555 575 1622 Et
597 1576 802 1640 quocumque
827 1558 921 1622 modo
945 1557 1060 1622 maluit
1083 1575 1153 1622 esse
1176 1576 1257 1638 mea,

480 1659 582 1737 Quam
606 1660 668 1725 sibi
692 1661 817 1725 dotatae
840 1680 977 1745 regnum
1000 1667 1093 1724 vetus
1117 1658 1362 1744 Hippodamiae,

532 1763 575 1829 ut
598 1785 677 1848 quas
700 1765 769 1829 Elis
794 1783 870 1848 opes
894 1771 968 1829 aute
992 1769 1119 1849 pararat
1142 1763 1244 1846 equis.

479 1866 633 1945 Quamvis
657 1888 773 1952 magua
797 1868 894 1950 daret,
919 1869 1066 1950 quamvis
1091 1866 1211 1930 maiora
1235 1865 1382 1945 daturus,

532 1969 606 2034 Non
629 1973 736 2036 umen
760 1970 815 2034 illa
838 1989 926 2034 meos
949 1969 1035 2054 fugit
1057 1989 1152 2034 avara
1175 1969 1275 2032 sinus.

371 2106 403 2164 et
418 2100 627 2184 Aloiphronis
649 2101 772 2184 epistl
792 2103 834 2165 38
858 2100 917 2183 (IV
935 2101 975 2164 11
994 2100 1088 2182 Seu),
1104 2100 1141 2162 4:
1171 2095 1262 2164 οῐεθα
1285 2101 1344 2163 τὸν
1365 2099 1515 2176 Μήδειον

371 2203 493 2268 ἐκεῖνον
516 2204 573 2268 τὸν
593 2203 656 2269 ἀπὸ
680 2207 736 2281 τῆς
755 2206 872 2283 Συρίας
896 2205 984 2282 δευρὶ
1008 2203 1195 2282 κατάραντο,
1220 2201 1290 2278 μεθ’
1311 2200 1388 2279 ὅπη(
1414 2205 1514 2278 θερα-

370 2306 459 2370 πεία(
475 2307 524 2369 καὶ
540 2310 740 2386 παραεκευῆε
757 2306 866 2388 ἐεόβει,
883 2305 1061 2384 εὐνούχου(
1079 2304 1330 2382 ὑπιεχνούμενοε
1346 2304 1397 2366 καὶ
1414 2307 1515 2381 θερα-

370 2408 484 2472 παίνας
511 2410 562 2472 καὶ
585 2408 704 2486 κὸεμον
727 2409 795 2472 τινὰ
823 2407 1032 2488 βαρβαρικόν·
1060 2409 1110 2470 καὶ
1137 2406 1225 2485 ὅμως
1254 2407 1376 2484 ἥκοντα
1406 2405 1512 2470 αὐτὸν

371 2509 410 2574 οὐ
433 2512 591 2592 aperiero,
616 2510 684 2576 ἀλλ’
701 2512 764 2576 ὑπὸ
788 2511 932 2589 τούμὸν
955 2509 1061 2587 ἠγάπα
1085 2510 1262 2588 κοιμωμὲνη
1288 2509 1513 2587 χλονίεκιον

368 2611 410 2674 τὸ
438 2612 541 2676 λιτὸν
569 2615 667 2677 τοῦτο
693 2614 743 2676 καὶ
767 2612 943 2692 δημοπκόν,
967 2614 1017 2676 καὶ
1044 2615 1110 2677 acic
1138 2609 1214 2690 παρ’
1235 2613 1328 2688 ἡμῶν
1352 2611 1511 2688 γλίεχρωε

369 2713 448 2796 αὐτῇ
467 2715 680 2792 πεμπομένοις
699 2714 897 2794 ἐπανὲχουεα
915 2715 971 2778 τὰ(
989 2715 1177 2793 εοτραπικὰ(
1195 2714 1317 2778 ἑκείναε
1338 2713 1390 2776 καὶ
1409 2715 1513 2776 πολυ-

370 2815 507 2895 χρύεουε
530 2818 654 2896 δωρεὰ(
679 2820 831 2882 διωθεῖτο.
862 2818 889 2880 τί
917 2818 984 2892 duh
1012 2819 1071 2882 τὸν
1094 2815 1265 2891 Αἰγύπτιον
1290 2815 1441 2894 ἔμπορον
1466 2813 1512 2878 ὼε

369 2917 612 2998 ἀπεεκοράκιεεν
637 2918 715 2984 δεον
738 2919 892 2999 ἀργύριον
915 2921 1131 2998 προτείνοντα.
1169 2917 1204 2982 Si
1227 2936 1345 2982 uersus
1371 2916 1513 3000 Proper-

369 3021 474 3084 tiauos
502 3041 577 3086 cum
602 3021 808 3106 Aloiphronis
836 3020 974 3104 epistula
1004 3021 1256 3104 comparaveris,
1286 3021 1417 3103 poetam
1446 3018 1512 3082 Ro-

370 3142 500 3187 uranum
524 3128 557 3188 et
580 3124 872 3208 epistologrsphum
895 3143 960 3187 non
980 3124 1083 3188 solum
1108 3141 1215 3204 sensu,
1239 3121 1297 3186 sed
1321 3121 1419 3186 etiam
1442 3121 1512 3184 sin-

369 3225 453 3308 gulis
476 3226 583 3309 rebus,
608 3228 696 3292 velut
719 3226 1021 3292 commemoratione
1045 3225 1118 3290 vilis
1141 3223 1261 3305 lectuli,
1293 3245 1359 3307 quo
1384 3243 1512 3308 pauper

369 3331 492 3393 amator
510 3331 620 3412 utitur,
643 3333 729 3396 inter
747 3350 782 3395 sc
802 3347 982 3414 congruere
1002 3347 1185 3412 cognosces.
1219 3325 1343 3404 Quodsi
1368 3327 1511 3410 quaeris,

368 3429 457 3496 unde
483 3435 616 3515 uterque
645 3433 733 3498 hunc
755 3431 863 3498 locum
887 3433 1063 3515 repetierit,
1092 3429 1226 3514 elegiam
1249 3429 1377 3494 fontem
1406 3429 1511 3492 fuisse

370 3533 456 3598 haud
472 3533 672 3600 crediderim.
700 3535 832 3600 Constat
849 3535 1052 3618 Propertium
1068 3534 1223 3617 inpriore
1242 3532 1397 3596 carminis
1416 3534 1511 3615 parte

369 3721 504 3775 laudem
523 3721 596 3776 eius
609 3721 707 3776 brevi
726 3722 878 3791 epistula
897 3719 1087 3790 scripserit,
1101 3717 1269 3788 quaerulgo
1282 3717 1395 3786 legitur,
1410 3722 1508 3772 umen

369 3805 448 3860 aliud
473 3809 516 3859 est
540 3805 611 3859 locis
636 3807 832 3861 communibus
865 3803 1010 3860 laudare
1035 3805 1245 3868 defunctum,
1271 3801 1351 3858 aliud
1380 3801 1509 3856 defuncti

370 3889 498 3959 proprias
526 3904 642 3944 narrare
668 3890 801 3945 virtutes'
827 3895 855 3944 et
880 3887 1007 3944 eiusdem
1033 3888 1183 3958 epistulam
1208 3885 1300 3952 XXIV,
1328 3902 1386 3955 qua
1415 3887 1507 3940 uitam

369 3976 499 4028 sanctam
513 3973 624 4028 Ascliae
642 3973 754 4030 laudat:
781 3975 878 4029 ‘nemo
897 3973 1094 4042 reprehendat,
1118 3971 1193 4042 quod
1211 3971 1241 4026 in
1260 3970 1431 4040 epistulis
1455 3971 1508 4025 ali-

369 4073 441 4126 quos
455 4063 503 4113 sut
522 4059 701 4114 laudamus
721 4063 769 4114 aut
789 4058 981 4127 carpimus’.
1001 4059 1202 4127 Hieronymum
1214 4056 1290 4110 euim
1307 4056 1380 4110 satis
1400 4057 1508 4112 multas

369 4141 506 4211 epistulas
526 4141 563 4196 ad
582 4144 710 4212 exempla
730 4143 872 4198 rhetorum
890 4143 1083 4212 composuisse
1102 4142 1149 4195 vix
1168 4145 1219 4206 est,
1238 4139 1314 4210 quod
1333 4156 1479 4196 moneam.

464 4232 483 4301 ¹)
501 4232 632 4286 Eiusdem
645 4249 760 4288 carmen
773 4231 826 4286 113
844 4231 913 4286 nihil
927 4232 985 4286 iere
999 4231 1143 4286 continere
1157 4230 1213 4284 nisi
1230 4229 1376 4294 ἐγκώμιον
1390 4229 1508 4298 ἑταίρα(

371 4313 400 4368 in
419 4318 583 4371 transcursu
603 4333 712 4372 moneo.
