3248 4910
801 390 836 444 M.
856 391 1079 458 Heinemann,

497 559 595 625 Nunc
618 560 676 625 tibi
700 559 898 644 commendo,
922 562 1106 627 communia
1128 563 1278 646 pignora,
1304 562 1418 624 natos

551 663 644 730 Haec
668 684 746 729 eura
769 669 801 730 et
824 665 927 729 cineri
950 667 1051 749 spirat
1074 665 1184 728 inusta
1206 681 1295 728 meo.

497 765 646 850 Fungere
669 768 823 832 maternis
847 766 972 831 vicibus
995 771 1099 850 pater:
1123 766 1181 829 illa
1203 783 1365 829 meorum

552 867 665 934 Omnis
689 871 751 934 erit
773 869 854 934 eollo
878 869 972 934 turba
994 868 1129 934 ferenda
1150 871 1218 933 tuo.

498 970 616 1037 Oscula
639 991 713 1036 oum
737 972 865 1038 dederis
888 979 943 1038 tua
966 973 1129 1054 flentibus,
1153 971 1249 1036 adice
1276 973 1408 1036 matris

373 1100 517 1186 Apparet
540 1101 626 1166 enim
647 1103 792 1168 rhetores
814 1103 963 1168 mandata
987 1102 1159 1168 mulierum
1183 1103 1376 1186 sumpsisse
1402 1101 1533 1166 ecele-

373 1201 513 1269 berrimo
537 1205 607 1270 loco
636 1205 800 1290 Euripidis
823 1205 951 1271 fabulae
974 1205 1156 1288 Alcestidis‚
1181 1225 1248 1290 quo
1274 1205 1335 1269 illa
1364 1205 1532 1269 moritura

372 1307 511 1372 Admeto
542 1307 697 1374 valedicit
727 1309 777 1390 (cf.
803 1329 832 1373 r.
859 1311 1036 1394 eoosqqp
1070 1312 1120 1374 καὶ
1153 1312 1195 1389 μή
1232 1309 1386 1392 ’πιγήμῃε
1421 1311 1531 1372 τοῑεδε

373 1413 525 1489 μητρυιὰν
547 1413 677 1476 τέκνοις.
701 1431 759 1474 κ.τ.
767 1415 792 1475 λ.

360 1572 366 1582 .
462 1517 530 1581 Iam
559 1515 600 1581 ad
628 1524 738 1602 poetas
763 1517 966 1601 devenimus,
997 1539 1076 1602 quos
1108 1539 1183 1583 cum
1209 1517 1530 1583 Alexandrinorum

371 1621 475 1683 aetate
499 1625 567 1683 tum
587 1621 727 1702 Augusti
750 1620 818 1685 fere
842 1619 1040 1705 temporibus
1063 1621 1212 1686 rhetores
1238 1621 1429 1686 aemulatos
1453 1638 1530 1683 essa

371 1739 467 1786 nemo
484 1721 589 1786 nescit
599 1723 629 1802 1).
649 1723 757 1805 Atque
774 1723 920 1788 extitisse
936 1743 1038 1807 genus
1055 1723 1272 1807 epistularum
1292 1723 1451 1788 versibus
1470 1741 1529 1786 ex·

370 1842 552 1908 pressorum
568 1823 697 1889 disertis
714 1825 821 1890 vorbis
838 1829 972 1891 testatur
987 1825 1141 1907 Lucilius,
1158 1845 1238 1891 oum
1255 1845 1378 1910 poema
1394 1845 1416 1888 a
1432 1824 1527 1908 poesi

371 1926 574 2012 distinguens
602 1928 637 1991 in
663 1927 747 1992 libro
775 1948 860 1992 nono
888 1930 933 1992 ait
960 1933 999 2010 (v.
1022 1929 1084 1992 341
1111 1926 1160 1992 ed.
1182 1927 1300 2008 Marx,
1329 1927 1437 1992 Peter
1466 1925 1526 1988 ll

369 2051 400 2114 p.
415 2031 478 2094 178
494 2029 599 2095 adnot.
617 2031 663 2112 2);
685 2031 831 2114 ‘epistula
848 2032 925 2095 item
942 2032 1074 2114 quaevis
1093 2049 1160 2094 non
1176 2050 1300 2114 magna
1316 2049 1438 2114 poema
1454 2029 1526 2093 est’.

370 2133 546 2198 Notissima
573 2134 674 2217 igitur
705 2137 796 2197 erant
826 2134 890 2197 iam
919 2133 974 2196 illa
1002 2135 1104 2198 aetate
1136 2136 1290 2198 earmina
1324 2153 1392 2197 non
1424 2133 1524 2196 nimis

370 2235 467 2319 longa
490 2237 523 2299 in
552 2235 709 2319 epistulae
732 2235 867 2299 formam
892 2233 1030 2316 redacta
1054 2253 1162 2317 neque
1191 2235 1379 2319 quidquam
1405 2233 1523 2312 obstet

368 2338 544 2420 quominus
568 2338 664 2402 etiam
687 2337 826 2422 syllogus
850 2338 963 2402 talium
986 2338 1166 2402 carminum
1191 2339 1303 2402 editas
1327 2341 1438 2422 putes,
1470 2337 1522 2400 ln·

370 2441 527 2523 cipiamus
543 2439 582 2504 ab
599 2442 846 2524 epigrammatis
862 2458 944 2523 quae
963 2459 1079 2523 magna
1097 2457 1138 2503 ex
1157 2442 1255 2522 parte
1277 2440 1433 2504 brevium
1454 2441 1521 2522 epi-

368 2541 527 2606 stularum
551 2543 621 2606 vica
648 2542 832 2625 iunguntur
854 2544 1022 2624 vanasque
1051 2561 1103 2606 res
1131 2561 1173 2606 ex
1200 2543 1277 2626 ipsa
1302 2545 1370 2606 vita
1400 2543 1520 2626 petitas

366 2647 514 2708 tractant.
545 2644 591 2709 Oi.
613 2644 742 2708 Anthol.
763 2645 861 2710 Palat
884 2644 934 2708 XI
954 2647 997 2708 44
1022 2645 1076 2728 (22
1100 2643 1148 2708 ed.
1171 2643 1307 2728 Kaibel)
1333 2643 1520 2710 Philodemi

366 2747 560 2830 epistolium,
580 2767 643 2830 quo
660 2747 713 2811 ille
730 2747 881 2812 Pisonem
900 2747 940 2811 ad
957 2748 1141 2812 convivium
1157 2748 1290 2830 invitat,
1307 2755 1367 2812 aut
1384 2747 1435 2810 VI
1453 2749 1516 2810 221

367 2848 570 2933 Orinagorae,
594 2851 688 2914 ouius
714 2851 909 2934 epigramma
932 2849 1087 2933 epistulae
1106 2851 1177 2914 vioe
1205 2849 1375 2914 calamum
1400 2869 1519 2934 argen-

366 2954 469 3032 teum,
493 2971 588 3034 quem
611 2951 726 3016 Proelo
755 2951 807 3016 die
831 2952 931 3016 natali
958 2952 1063 3026 donat
1090 2952 1250 3032 sequitur.
1288 2952 1361 3016 Iam
1391 2971 1437 3016 ex
1467 2953 1517 3014 his

367 3052 494 3118 duobus
525 3054 682 3138 exemplis
706 3057 857 3138 cognosci
880 3057 994 3138 potest,
1024 3074 1118 3137 quam
1147 3057 1217 3120 arte
1249 3057 1329 3120 talia
1354 3058 1517 3140 epigram·

458 3259 478 3326 ¹)
501 3257 541 3312 Cl.
560 3257 722 3312 Eduardum
745 3258 871 3325 Norden,
895 3258 944 3314 Die
963 3257 1059 3313 antike
1078 3258 1259 3326 Kuustprosa
1279 3259 1303 3313 ll
1328 3277 1354 3329 p.
1371 3259 1428 3314 883
1443 3276 1513 3330 sqq..

364 3347 618 3402 Reitzensteinium
637 3347 667 3400 in
685 3347 910 3418 Encpclopaedia
928 3347 1176 3418 Pauly-wissowa
1199 3347 1236 3402 Vl
1255 3365 1283 3418 p.
1299 3349 1338 3403 94
1348 3367 1401 3420 sq,
1422 3349 1513 3404 Helle·

365 3435 503 3490 nistische
521 3435 835 3506 Wundererztthlungen
855 3453 880 3505 p.
897 3437 955 3491 167.

455 3525 611 3594 Respicias,
622 3529 652 3579 ut
661 3527 818 3594 exemplum
826 3527 985 3592 aderamus,
998 3541 1054 3594 qua
1064 3523 1173 3579 ratione
1184 3523 1309 3581 Ovidius
1319 3527 1509 3598 Metamorpln

364 3613 425 3668 lllll
440 3615 526 3684 lsqq.
540 3613 674 3669 iudicium
689 3629 831 3669 armorum
841 3614 958 3669 Achillis
972 3613 1143 3670 tractaverit.
1163 3613 1203 3669 De
1218 3615 1326 3671 eodem
1340 3623 1509 3687 argumento
1597 3677 1598 3695 q

364 3703 492 3758 rhetores
511 3703 541 3758 in
559 3703 761 3758 controversiis
785 3709 813 3758 et
832 3703 968 3758 suasoriis
991 3703 1082 3772 egisse
1107 3719 1122 3756 e
1141 3702 1275 3760 Senecae
1300 3708 1509 3762 controversiis

361 3791 436 3862 (112,
449 3793 477 3860 8)
497 3797 671 3861 compertum
687 3792 832 3860 habemus,
852 3794 900 3862 qui
918 3799 1015 3848 narrat
1034 3793 1163 3847 Porcium
1182 3791 1343 3850 Latronem
1364 3796 1507 3852 rhetorem

363 3882 395 3936 in
413 3881 516 3936 iudicio
529 3897 673 3936 armorum
685 3885 828 3936 versatum
841 3897 919 3936 esse:
940 3882 984 3935 ‘ln
997 3897 1138 3936 armorum
1154 3881 1262 3938 iudicio
1277 3883 1397 3941 dixerat
1410 3886 1508 3942 Latro:

364 3971 523 4027 'mittamus
541 3985 622 4027 arma
641 3970 671 4022 in
689 3968 779 4023 hostis
799 3975 826 4024 et
838 3971 988 4038 petamus'.
1015 3971 1090 4024 Naso
1110 3969 1196 4024 dixit:

579 4077 664 4132 Arma
684 4075 736 4130 viri
755 4075 835 4130 fortis
853 4075 962 4131 medios
982 4077 1128 4132 mittantur
1147 4077 1177 4130 in
1197 4077 1310 4134 hostis:

579 4160 648 4216 lude
667 4159 760 4214 iubete
779 4160 837 4229 peti

360 4273 391 4324 et
409 4269 495 4324 alium
515 4267 618 4323 axilla
637 4266 768 4321 suasoria
787 4281 901 4321 sensum
915 4283 1005 4336 aeque
1024 4267 1176 4322 alatione
1197 4273 1353 4328 mutuatus
1373 4280 1429 4331 est.
1449 4275 1507 4332 etc?
1595 4297 1596 4333 l
