3178 4918
410 390 475 454 194
834 395 953 450 Victor
973 395 1116 462 Goploa,

409 569 469 652 Vp.
486 571 561 651 422,
584 567 640 632 Vh.
658 570 732 650 372,
749 569 824 650 956,
841 563 915 650 961,
939 567 993 631 Εα.
1011 568 1085 646 502,
1111 567 1190 631 Ααλ.
1207 568 1282 649 282,
1306 567 1363 632 Ρα.
1384 567 1469 647 301,
1488 569 1551 628 555

409 672 549 755 denique
569 673 629 736 Av.
648 673 734 736 1196
755 671 842 750 ἄθρει
862 674 898 734 δὲ
913 675 975 734 πᾶς
993 673 1100 752 κύκλῳ
1118 677 1255 735 ςκοπύιν.
1285 670 1334 734 cf.
1356 672 1467 736 etiam
1486 669 1551 733 Eur

408 777 503 840 Rhes.
522 777 585 839 686
609 778 683 839 παῖε
706 778 778 854 πᾶς,
808 775 872 837 688
896 775 960 851 ῖςχε
982 777 1044 838 πός
1067 773 1157 855 δόρυ,
1189 774 1253 838 690
1283 776 1361 852 ἕρπε
1388 777 1470 854 παῖς,
1498 773 1551 838 131

409 883 476 955 ςῑγα
498 883 568 943 παῖς.
598 879 637 940 In
662 881 720 942 Aa.
741 879 827 940 1196
851 877 945 939 multi
970 877 1030 939 viri
1055 875 1141 940 docti
1165 878 1365 942 coniecturis
1393 878 1449 940 usi
1477 885 1551 938 suut

411 982 455 1046 Ut
482 981 560 1045 alios
589 969 935 1064 omittam,'Reisigius
963 979 1064 1062 (Geni.
1085 1000 1114 1062 p.
1131 980 1208 1059 216)
1232 979 1323 1058 ἄθρει
1352 983 1394 1043 δὲ
1425 983 1493 1042 παῖς
1516 999 1551 1042 τις

408 1089 553 1164 πανταχῆ
578 1084 681 1166 κύκλῳ
706 1088 843 1163 ςκοπῶν,
868 1083 1025 1166 Berghius
1045 1081 1133 1162 ἄθρει
1153 1086 1189 1146 δὲ
1208 1086 1270 1147 πᾶς
1288 1103 1334 1147 τις
1353 1083 1471 1146 πάντα
1491 1102 1551 1156 περ

408 1188 515 1270 κύκλῳ
540 1191 669 1251 ςκοπῶν
694 1188 867 1270 proposuit.
904 1185 1028 1262 Quibus
1056 1185 1335 1249 emendationibus
1360 1185 1551 1268 repudiatis.

409 1290 527 1372 quippe
547 1308 620 1352 oum
640 1307 798 1371 nusquam
818 1289 904 1371 apud
923 1293 1070 1351 nostrum
1089 1288 1187 1352 verba
1204 1292 1266 1352 παῖς
1286 1309 1331 1353 nc
1352 1308 1436 1352 eum
1459 1288 1551 1350 altera

408 1411 546 1476 persona
573 1394 653 1474 sing.
670 1393 813 1475 imperat.
830 1411 931 1474 praes,
948 1393 1123 1456 coniuncta
1148 1391 1340 1473 invenerim,
1366 1411 1451 1456 cum
1478 1392 1551 1454 Mei-

409 1495 504 1561 nekio
529 1501 561 1558 et
579 1493 702 1558 Kockio
725 1494 874 1558 lacunam
894 1499 968 1557 aute
991 1491 1080 1571 ἄθρει
1103 1499 1244 1558 statuere
1263 1495 1431 1577 praefero,
1449 1493 1551 1576 quoud

409 1597 583 1683 probabilis
612 1599 768 1661 corseone
800 1598 963 1680 proposita
991 1598 1040 1660 sit.
1075 1596 1157 1660 Mihi
1185 1597 1318 1679 quidem
1349 1617 1421 1661 uon
1451 1598 1551 1660 aliena

409 1702 539 1766 videtur
554 1701 590 1764 G.
607 1701 785 1764 Hermauni
804 1702 894 1780 ratic,
914 1701 979 1782 qui,
998 1719 1073 1763 cum
1092 1700 1250 1762 tumultus
1269 1701 1303 1762 in
1324 1719 1450 1764 scaena
1467 1704 1551 1762 ortus

408 1805 458 1886 sit,
478 1804 613 1868 verbum
633 1803 761 1868 tacendi
781 1803 961 1881 antedoce
981 1803 1166 1866 desiderans
1183 1803 1296 1866 “initio
1313 1823 1436 1867 versus
1454 1808 1549 1877 ςιγιιῖτε

409 1907 466 1982 ςῑγ’
486 1905 646 1970 excidisse
665 1906 776 1968 statuit
796 1907 828 1970 et
846 1912 1018 1988 praeterea,
1043 1911 1079 1970 ut
1096 1906 1169 1970 fieri
1193 1907 1274 1970 solet
1297 1909 1331 1969 in
1357 1907 1417 1971 tali
1443 1926 1546 1970 rerum

408 2010 520 2092 forma,
540 2009 642 2092 qualis
663 2009 714 2072 hic
735 2009 936 2090 describitur,
953 2009 990 2073 ἔα
1009 2009 1046 2073 ἔα
1062 2011 1177 2074 ceteris
1196 2010 1399 2092 praeponit’',
1420 2018 1459 2072 ut
1478 2029 1546 2072 cum

408 2112 571 2176 Meinehio
596 2112 704 2191 (Viud.
720 2115 776 2176 Ar.
793 2133 822 2195 p.
842 2114 917 2192 108)
939 2113 1060 2194 loquar.
1096 2113 1253 2176 Necnon
1277 2114 1391 2176 sensui
1416 2114 1544 2194 semitm

408 2216 597 2281 convenerit
621 2216 700 2278 hoc:
725 2215 762 2279 ἔα
781 2217 826 2296 ἔα,
848 2215 852 2300 ί
872 2219 956 2280 τουτὶ
978 2217 1005 2279 τί
1029 2217 1085 2294 dv?
1112 2215 1205 2292 Quod
1224 2215 1294 2279 coll.
1311 2218 1375 2280 Av.
1395 2219 1485 2280 1495
1505 2216 1544 2278 ἔα

407 2323 492 2384 τουτὶ
519 2321 546 2382 τί
574 2320 629 2397 ἠν;
659 2319 879 2401 proposuerim
909 2325 1088 2382 commotus
1116 2319 1262 2382 versibus
1293 2321 1478 2382 1197-98
1505 2318 1543 2379 ιιίς

408 2423 500 2498 ἐγγύς
528 2423 589 2500 ἢδη
619 2424 770 2500 δαίμονος
795 2424 964 2500 πεδαρςίαν
986 2420 991 2508 Ι
1012 2424 1098 2500 δίνης
1121 2423 1281 2500 πτερωτὸς
1305 2423 1458 2501 φθόγγος
1482 2421 1542 2484 ἐξα-

408 2529 551 2598 κούεται;
577 2525 656 2590 haee
680 2527 766 2588 eium
786 2524 884 2588 verba
907 2544 1004 2590 causa
1026 2531 1104 2588 sunt
1127 2525 1388 2608 interrogationis
1414 2526 1498 2589 romi
1519 2523 1543 2584 τί

409 2629 464 2706 ἠν;
489 2629 527 2691 In
548 2649 575 2691 v.
595 2629 678 2691 1187
700 2633 807 2692 autem
828 2647 901 2690 cum
918 2627 1089 2708 hicineki0,
1109 2627 1240 2708 Kockio,
1260 2629 1332 2692 aliis
1351 2629 1540 2712 scripturam

408 2731 439 2791 V
455 2731 563 2796 τόξευε
586 2735 658 2794 παῖε
682 2750 812 2794 serrare
835 2750 900 2793 nou
925 2730 1044 2794 dubito,
1081 2729 1127 2794 Cf.
1145 2730 1265 2794 similes
1289 2730 1378 2794 locos
1401 2735 1465 2794 Ar.
1481 2730 1537 2791 365

408 2834 486 2914 ἕλκε,
513 2836 601 2914 τίλλε,
630 2837 712 2914 παῖε,
741 2836 831 2914 δεῖρε,
861 2834 958 2897 κόπτε
981 2837 1112 2912 πρώτην
1135 2836 1193 2912 τήν
1216 2835 1344 2914 χύτραν,
1375 2834 1437 2898 Nb.
1462 2833 1538 2896 mos·

409 2937 511 3016 δίωκε,
537 2935 639 3017 βάλλε,
663 2939 741 3016 παῖε,
767 2935 853 3002 alios,

498 3039 636 3102 Versum
664 3040 749 3102 1693
769 3039 828 3102 RV
844 3040 892 3103 sic
916 3037 1086 3102 exhibent:
1111 3042 1243 3118 γαμικὴν
1268 3043 1401 3118 χλανίδα
1428 3039 1536 3104 διδότω

407 3162 451 3205 τις
470 3143 568 3219 δεῦρό
589 3163 648 3222 μοι,
668 3141 765 3204 schol.
782 3143 817 3203 in
833 3141 938 3204 adnot.
955 3142 993 3204 ad
1011 3162 1039 3203 v.
1059 3144 1143 3205 1565
1164 3143 1246 3206 ἀλλὰ
1261 3146 1396 3220 γαμικὴν
1413 3143 1534 3222 χλαμίδα

408 3245 466 3326 (sic
486 3245 629 3307 confusis
648 3244 857 3307 substantivis
876 3246 981 3323 χλανὶς
998 3250 1030 3308 et
1049 3247 1180 3325 χλαμὺς)
1199 3245 1285 3308 δότω
1302 3266 1348 3310 τις
1367 3246 1467 3324 δεῦρό
1484 3263 1533 3318 μοι.

407 3348 556 3412 Editores
575 3353 702 3431 practer
722 3347 930 3429 Blaydesium
949 3346 1119 3411 lectionem
1138 3348 1235 3412 schol.
1253 3354 1376 3412 mutato
1396 3349 1532 3424 111οχλα-

408 3454 481 3530 μίδα
497 3454 532 3514 in
548 3455 677 3531 χλανίδα
694 3453 796 3515 secuti
810 3458 893 3515 sunt.
918 3450 1119 3533 Quamquam
1135 3471 1256 3533 versus,
1273 3453 1377 3534 qualis
1393 3454 1428 3514 in
1446 3446 1531 3514 schol.

408 3557 577 3639 profertur,
607 3558 751 3620 numeris
774 3577 839 3620 non
863 3557 1052 3620 adversatur
1074 3555 1125 3638 (of.
1147 3555 1196 3619 Iu.
1218 3555 1393 3639 Pongrutz:
1424 3555 1469 3620 De
1490 3571 1530 3614 ar-

408 3659 498 3722 sibus
522 3661 635 3723 solutis
658 3662 691 3722 in
716 3659 913 3743 dialogorum
938 3661 1072 3723 senariis
1096 3659 1332 3742 Aristophanis
1356 3680 1385 3742 p.
1402 3661 1529 3739 25sqqt

409 3767 516 3827 tamen
535 3763 727 3844 Blaydesius
750 3765 867 3826 omissa
890 3763 1047 3846 particula
1071 3763 1149 3827 ἀλλὰ
1172 3763 1299 3827 Bentlei
1324 3765 1527 3827 coniecturam

408 3867 564 3944 raptrices
589 3865 673 3928 haud
694 3867 760 3928 scio
785 3887 824 3928 au
849 3867 919 3929 iure
943 3866 977 3928 in
997 3870 1123 3929 textum
1146 3867 1312 3949 receperit
1341 3865 1526 3930 Vocabrdunr

408 3971 536 4048 γαμικὸς
561 3971 645 4034 euim
672 3990 777 4052 neque
801 3969 887 4053 apud
910 3971 1050 4033 comicos
1074 3990 1180 4053 neque
1199 3971 1283 4054 opud
1300 3972 1440 4053 tragicos
1459 3967 1526 4034 Atti·

409 4091 463 4136 cos
480 4071 654 4152 invenitur,
678 4071 736 4135 sed
753 4072 901 4135 omnibus
916 4073 1004 4154 locis,
1020 4073 1137 4155 quibus
1153 4079 1265 4157 poetae
1282 4075 1328 4138 1111
1345 4075 1523 4138 adiectimu

408 4196 427 4239 a
442 4175 642 4238 substantivo
659 4177 758 4252 γάμος
776 4176 909 4239 ductum
926 4175 1150 4258 adhibuerunt,
1168 4196 1231 4239 vox
1247 4179 1398 4256 γαμήλιος
1415 4176 1523 4259 legitur.

408 4278 497 4342 velut
515 4279 548 4341 in
565 4281 625 4342 Av.
645 4281 730 4341 1158,
751 4282 782 4342 et
797 4279 851 4342 Th.
871 4281 955 4342 1122
976 4280 1069 4358 λέχας
1086 4281 1248 4360 γαμήλιον,
1267 4279 1323 4342 Th.
1344 4281 1428 4343 1034
1444 4297 1521 4354 γαμη-
