2940 4792
242 261 368 332 Sprechl.
379 261 631 332 Untersuchungen
645 278 680 317 zu
694 262 888 332 Theophrasto
900 262 995 318 hoten.
1010 263 1158 319 Schriften·
1224 258 1266 321 65

153 435 278 500 hristot.
295 432 377 499 doch
400 453 425 497 α
442 433 479 498 B.
499 432 539 498 de
557 440 635 516 part.
655 434 750 498 enim.
769 434 832 498 669
841 432 871 516 b,
889 436 930 499 10
949 435 1121 514 ἀνώνυμον
1144 439 1181 502 τὸ
1202 458 1266 501 κοι-

145 540 192 603 ιδν
204 537 256 602 ἐπ’
265 538 372 602 αὐτῶν
385 539 435 601 καὶ
451 538 513 616 ούχ
526 537 632 614 ὥςπερ
645 535 664 599 δ
676 535 763 616 ὄρνις
776 538 953 615 ὠνόμαςται
965 539 1014 601 ἐπί
1025 558 1111 602 τινος
1124 540 1265 620 γένους),

138 644 320 720 τετρύπηται
336 641 386 705 ΠΙ
404 642 454 723 16,
475 643 496 704 4
515 661 593 705 usw.
611 660 688 704 uew,
721 641 772 724 So,
787 661 844 705 um
860 641 929 705 dies
945 642 1015 706 hier
1030 642 1135 725 gleieh
1154 664 1195 708 τιι
1215 663 1265 709 er-

134 744 284 826 υύλιιιοπ,
312 744 396 809 euch
420 745 593 828 Partizipia
614 746 676 809 wie
699 745 912 824 ὲμπεπηγότες
936 744 998 826 Ι8,
1016 749 1052 825 3,
1082 745 1263 825 ἐπωδηκυῑα

134 845 181 911 ΠΙ
199 849 229 929 5,
247 850 283 926 5,
309 849 580 927 ςυμπεπιλημὲνον
605 851 634 928 7,
651 849 670 909 5
695 866 773 910 μου.

221 950 305 1015 Idne
332 950 391 1014 der
419 952 508 1028 κοινή
537 950 788 1034 eigentdmliche
811 949 1038 1035 Erseheinung
1064 951 1168 1016 findet
1195 952 1266 1016 sich

134 1055 164 1118 in
188 1052 442 1137 euegedehntem
462 1052 556 1118 Masse
580 1053 632 1118 bei
650 1053 854 1137 Τλοορλιταολ,
878 1052 931 1119 die
953 1072 1017 1137 sog.
1036 1053 1266 1138 conjugatio

133 1157 214 1240 peri
221 1157 432 1240 phrenetica,
455 1154 507 1220 die
525 1156 786 1239 Umsehreibung
804 1156 864 1219 mit
879 1153 955 1222 εἶναι
971 1155 1040 1221 und
1055 1157 1264 1242 Partizipium

132 1263 166 1341 (s.
183 1260 331 1325 Schmidt
352 1280 378 1323 ιι.
396 1281 422 1324 ιι.
439 1258 474 1323 0.
491 1259 507 1323 Ι
522 1259 624 1340 1171,
648 1259 698 1323 ΠΙ
712 1259 814 1340 1121,
834 1259 882 1323 Ν
896 1261 957 1324 151
983 1280 1075 1339 usw.;
1099 1261 1180 1325 dher
1203 1261 1265 1326 den

130 1364 302 1429 Gehraueh
322 1363 375 1428 bei
393 1363 516 1428 dlteren
535 1362 687 1426 Attikern
707 1382 731 1426 e.
748 1361 884 1445 Κτύμςοτ,
904 1362 1112 1428 Gn'eohische
1131 1363 1266 1447 Sprach·

129 1467 221 1533 lehre
240 1468 291 1549 56,
302 1470 331 1549 3,
343 1468 382 1548 3).
406 1467 466 1531 Bei
477 1465 796 1549 Theophrastlernen
808 1468 868 1529 wir
879 1466 961 1531 euch
975 1465 1027 1531 die
1038 1466 1266 1552 Entwiehlung

130 1570 239 1637 dieser
252 1571 485 1635 Konstruhtion
502 1571 638 1634 kennen.
662 1570 701 1633 In
718 1571 792 1633 weit
808 1569 1071 1654 iiberwiegender
1086 1570 1162 1634 Zahl
1181 1571 1267 1635 steht

130 1676 178 1739 sie
193 1674 337 1738 ndmlieh
356 1674 451 1754 dann,
468 1693 563 1737 wenn
580 1673 636 1736 das
648 1673 856 1757 Partizipium
872 1674 918 1736 als
932 1673 1160 1757 Bezeiehnung
1175 1676 1266 1739 einer

131 1777 343 1861 Bigensehaft
360 1779 466 1842 einem
482 1776 670 1858 Adjehtiv
688 1775 849 1859 parallel
864 1776 992 1859 gestellt
1007 1776 1096 1839 wird.
1113 1777 1189 1841 Erst
1206 1796 1265 1842 aue

132 1880 255 1945 diesem
272 1880 506 1944 besehriinkten
519 1878 688 1943 Gebraueh
709 1879 825 1942 herens
840 1879 967 1943 soheint
982 1879 1050 1942 sich
1069 1878 1128 1943 der
1145 1880 1263 1944 andere

133 1983 317 2048 entwichelt
328 2003 369 2047 zu
385 1982 497 2047 haben.
520 1982 662 2046 Thumhs
675 1982 880 2065 Vermutung
894 1981 1099 2063 (Gesehiohte
1112 1981 1170 2046 der
1181 1985 1264 2066 grie·

133 2087 288 2152 ehisehen
300 2087 441 2169 Spreche
452 2087 497 2149 im
509 2085 659 2149 Zeitalter
671 2084 727 2149 des
739 2083 956 2149 Hellenismus
973 2085 1003 2149 S.
1012 2087 1095 2166 152),
1109 2085 1161 2149 die
1174 2085 1263 2168 (Βοιώ.

133 2191 270 2274 periphr.
294 2191 342 2254 eei
366 2188 556 2254 schwerlieh
572 2188 777 2269 LatinismuS,
797 2188 877 2251 wird
901 2187 1004 2252 durch
1029 2187 1081 2252 die
1099 2188 1263 2252 Beobach·

133 2300 255 2376 tungen
278 2292 332 2357 bei
353 2293 550 2376 Theophrast
572 2312 632 2355 zur
655 2292 804 2355 sicheren
825 2291 1012 2355 Gewissheih
1049 2291 1163 2374 Einige
1188 2291 1262 2356 Bei-

134 2396 246 2480 spiele:
271 2401 414 2475 πανιαχῆ
437 2397 498 2475 γὰρ
523 2397 722 2474 βλαςτητικδν
747 2395 801 2458 dre
825 2397 873 2459 καὶ
896 2399 1039 2473 πανταχῆ
1059 2399 1124 2460 Ζῶν
1148 2395 1209 2477 11,
1226 2398 1262 2472 4,

135 2500 198 2564 ἔνια
215 2503 253 2564 δὲ
268 2500 400 2577 ώςπερεὶ
420 2498 562 2576 κάθυγρα
581 2501 630 2562 καὶ
649 2499 738 2579 ἕλειοι,
755 2499 794 2562 τὰ
813 2501 850 2561 δὲ
866 2499 925 2562 ούκ
940 2499 976 2562 ἐν
992 2497 1083 2562 ὕδατι
1102 2501 1263 2576 δυνάμενα

135 2607 189 2681 Ζῆν
212 2603 277 2683 14,
293 2603 328 2679 2,
353 2603 412 2667 ἔςτι
437 2602 534 2664 δὲτὰ
557 2604 613 2679 μὲν
637 2601 735 2682 δίοζα,
763 2603 801 2664 τὰ
825 2604 860 2664 δὲ
882 2602 996 2681 τρίοζα,
1019 2601 1059 2664 τὰ
1078 2603 1115 2664 δὲ
1132 2603 1262 2666 πλείους

135 2705 246 2784 ἔχοντα
263 2707 293 2784 8,
307 2707 341 2781 3,
362 2705 392 2768 αἱ
409 2707 445 2768 δὲ
460 2705 576 2768 ςκολιαὶ
592 2705 641 2766 καὶ
656 2704 925 2782 παραλλάττουςαι
938 2704 968 2784 8,
981 2705 1017 2782 4,
1034 2707 1263 2782 καρπιμώτερα

134 2814 196 2872 τῶν
213 2807 324 2872 ἄλλων
339 2811 388 2872 καὶ
401 2810 688 2886 καρποφοροῦντες
704 2807 738 2869 Π
755 2807 783 2887 6,
801 2809 835 2885 7,
849 2806 937 2870 ἄλλαι
953 2811 989 2871 δὲ
1006 2807 1264 2885 ὁμολογούμεναι

134 2914 180 2975 καλ
196 2912 347 2991 ἐμφανεῖς
367 2915 421 2992 (sc.
438 2912 523 2991 εἰςιν)
539 2910 589 2973 ΙΙΙ
604 2912 631 2991 1,
646 2912 680 2989 5,
700 2910 803 2974 πάντα
823 2910 985 2974 ἀνθοῦντα
1001 2911 1020 2988 ἢ
1036 2910 1158 2986 ἀνανθῆ
1179 2910 1208 2990 2,
1227 2911 1261 2987 1,

134 3014 289 3094 ὀρθότερα
305 3018 354 3078 καὶ
370 3016 548 3092 μακρότερα
568 3016 616 3077 καὶ
635 3015 762 3092 φύλλον
785 3013 901 3092 ἔχουςα
924 3013 1102 3091 παχύτερον
1120 3012 1139 3088 ἡ
1159 3013 1260 3093 Ἰδαία,

132 3122 194 3182 τῶν
211 3119 383 3196 ςτροβίλιυν
400 3118 419 3180 δ
437 3121 494 3195 μὲν
514 3116 707 3195 ςτρύγκυλὸς
724 3135 758 3179 τε
774 3117 823 3179 καὶ
839 3116 1027 3195 διαχάςκαιν,
1045 3114 1064 3176 δ
1081 3117 1117 3177 δὲ
1134 3117 1262 3192 χλωρὸς

135 3224 181 3284 καὶ
210 3221 307 3299 ἡιτον
337 3221 461 3299 χάςκαιν
488 3219 539 3282 ΠΙ
560 3221 589 3299 9,
612 3221 647 3295 1,
676 3219 715 3281 τὰ
746 3217 826 3284 ξύλα
856 3220 1026 3296 περίμητρα
1056 3219 1106 3279 καὶ
1138 3217 1174 3278 ἐν
1196 3220 1262 3281 ταῖς

133 3325 284 3401 ἐργαςίαις
312 3323 512 3401 (τρεφόμενα
541 3323 569 3402 9,
586 3323 621 3400 2,
653 3323 702 3385 καὶ
728 3324 767 3384 τὰ
796 3324 851 3398 μὲν
875 3323 1038 3397 πολυειδῆ,
1068 3322 1107 3381 τὰ
1131 3322 1166 3383 δὲ
1190 3320 1261 3396 μίαν

133 3426 218 3491 ἰδέαν
238 3428 354 3506 ἔχοντα
369 3426 417 3489 Ν
430 3427 458 3507 6,
472 3427 506 3503 2,
526 3427 563 3489 τὸ
582 3426 798 3504 τριχόφυλλον
814 3425 852 3488 ού
871 3427 1018 3504 ποιώδες,
1038 3422 1104 3487 ἀλλ’
1118 3423 1262 3502 ἔξωχρον

133 3531 208 3594 οὐδὲ
224 3530 302 3609 ἔχον
318 3531 435 3594 καυλδν
452 3529 524 3594 ἀλλ’
536 3528 638 3607 ὀρθόν
649 3549 719 3592 πως
737 3528 772 3591 ἐν
783 3528 870 3610 αύτῷ
888 3528 916 3602 6,
930 3529 964 3603 3,
981 3525 1106 3589 ἅπαντα
1122 3524 1262 3602 ἐδώδιμα

133 3637 179 3697 καὶ
202 3635 318 3712 χυλοὺς
341 3634 456 3711 ἔχοντα
475 3636 595 3706 γλυκεῖς
611 3631 658 3695 Ν
675 3633 704 3710 8,
722 3632 756 3709 2,
780 3633 820 3694 τὰ
840 3633 875 3693 δὲ
894 3632 998 3708 ςχιςτὰ
1018 3631 1066 3692 καὶ
1086 3629 1262 3692 ἀςκαλώνια

133 3739 179 3800 καὶ
194 3741 262 3800 ταῖς
278 3737 454 3814 θεραπείαις
469 3736 663 3814 διαφέροντα
674 3733 780 3813 v114,
794 3736 828 3813 7,
849 3732 959 3796 solehe
972 3731 1132 3814 Beispiele
1147 3729 1259 3794 finden

133 3839 199 3903 sich
229 3839 263 3902 in
292 3839 354 3903 den
377 3838 544 3902 Historien
571 3836 655 3900 noch
679 3837 795 3918 Ι2,6,
821 3838 904 3917 9,4,
931 3836 981 3915 10,
999 3835 1027 3916 6,
1046 3837 1081 3912 7,
1109 3836 1158 3913 11,
1176 3835 1258 3914 3,4,

132 3938 1259 4024 Π8,4;ΠΙ2,1,9,2,3,6,16,1,3,5,11,1,3,12,1,3-5,

141 4045 182 4125 13,
199 4047 229 4121 4,
247 4047 331 4125 5,1;
364 4045 470 4125 14,2,
507 4045 656 4125 11,1,3,
693 4043 910 4125 18,4-6,8,
945 4041 1071 4121 18,12,
1109 4041 1158 4120 15,
1176 4039 1258 4120 5,6,

145 4146 978 4229 V2,1,4;3,1;4,5;5‚2;6,7,10;7‚6;8,5,8;
1000 4142 1258 4225 11‚113V2,1;

185 4286 247 4338 xlv.
259 4286 281 4331 2.
1099 4266 1117 4320 ὃ
