3406 4786
170 336 320 406 Epistulae
334 335 489 390 amatoriae
502 336 644 405 quomodo
656 335 828 400 cohaereant
840 353 904 394 cum
919 339 1017 410 elegiis
1030 340 1237 396 Alexandrinis.
1268 337 1309 399 79

220 508 421 573 Nonistunc
444 512 580 572 aetatem
604 510 730 592 oportet
751 510 950 593 pigmentum
972 511 1076 576 ullum
1099 513 1265 597 attingere,

221 608 336 690 Neque
349 625 512 671 cerussam
525 625 632 690 neque
644 606 800 672 melinum
811 627 917 691 neque
931 610 1026 674 aliam
1037 610 1135 674 ullam
1146 610 1308 677 offuciam.

326 705 409 783 Quia
432 711 556 770 ecastor
578 706 695 770 mulier
718 709 805 772 reete
828 707 900 789 olet,
924 707 980 772 ubi
1003 709 1050 771 nil
1074 709 1145 773 olet

220 805 304 869 Nam
326 805 408 869 istae
432 807 564 887 veterae,
588 823 671 887 quae
690 823 725 869 se
744 807 919 889 unguentis
939 808 1106 886 unctitant
1125 808 1308 892 interpoleS,

219 904 359 969 Vetulae
383 904 561 986 edentulae,
585 923 667 986 quae
691 904 770 969 vitia
793 907 936 990 corporis
959 906 1035 971 fuco
1060 906 1221 972 occulunt

172 1020 266 1097 Quae
286 1039 359 1084 cum
383 1021 429 1083 ita
451 1020 524 1101 sint,
540 1019 718 1085 Hoelzerus
738 1019 981 1105 elegiographos
1000 1022 1160 1088 Romanos
1181 1029 1214 1088 et
1231 1023 1308 1087 Phi·

172 1123 343 1188 lostratum
367 1123 451 1187 hanc
473 1123 665 1188 sententiam
695 1142 735 1187 ex
764 1122 875 1207 elegiis
898 1124 1128 1190 Alexandrinis
1151 1127 1307 1208 hausisse,

173 1247 312 1310 quarum
331 1232 480 1291 auctores
499 1225 674 1292 comoediis
694 1227 933 1310 exemplaribus
951 1229 1002 1292 usi
1020 1230 1095 1311 sint,
1117 1234 1217 1311 putat
1243 1228 1306 1294 Sed

172 1330 251 1395 licet
266 1331 426 1395 sententia
441 1330 510 1394 iere
522 1329 633 1394 eadem
646 1330 696 1412 sit,
713 1331 811 1393 huius
823 1331 852 1393 si
864 1331 994 1410 cupatrio
1005 1331 1153 1396 invenire
1170 1338 1307 1396 certum-

174 1453 239 1515 que
257 1434 447 1518 scriptorem
467 1433 552 1497 hanc
570 1433 708 1517 primum
728 1434 929 1516 excogitasse
954 1433 1124 1498 ostendere
1148 1433 1306 1517 volumus

174 1536 326 1618 Graecos,
340 1537 375 1600 ni
389 1536 491 1619 fallor,
506 1538 678 1619 imitamur,
693 1538 758 1620 qui,
775 1537 935 1621 quidquid
951 1539 1017 1602 vita
1030 1539 1100 1622 ipsa
1114 1537 1306 1622 suppeditat,

173 1640 299 1705 auctori
315 1638 445 1704 cuidam
461 1640 614 1725 deputare
630 1641 741 1706 solent.
769 1641 859 1705 Nihil
874 1640 949 1704 talia
964 1639 1102 1723 probant
1119 1641 1183 1705 nisi
1202 1639 1306 1705 eidem

173 1744 406 1809 sentcntiamm
421 1745 524 1808 nexui
539 1746 668 1810 inserta.
701 1744 765 1811 Sed
780 1744 868 1829 apud
882 1744 1033 1809 Plautum
1051 1744 1125 1810 lena
1142 1745 1223 1810 haec
1242 1745 1306 1810 dis-

174 1847 314 1931 cipulam
345 1846 454 1926 docet;
486 1848 572 1933 apud
601 1848 764 1913 Tibullum
793 1849 828 1912 in
862 1848 1077 1932 descriptione
1107 1851 1305 1914 senescentis

173 1952 299 2035 puellae
324 1952 552 2027 inveniuntur;
576 1952 763 2034 Propertius
787 1952 851 2015 iarn
874 1971 964 2016 nuno
986 1951 1037 2015 his
1060 1951 1305 2016 medicamentis

173 2054 347 2136 Cynthium
375 2056 423 2118 uti
452 2058 484 2118 et
511 2074 587 2119 mox
619 2056 706 2120 omni
735 2055 842 2140 lepore
871 2053 1056 2120 destitutam
1083 2053 1179 2118 etiam
1204 2055 1304 2137 magis

171 2176 306 2222 usuram
326 2176 397 2222 esse
416 2156 503 2223 dicit.
526 2157 748 2240 Philostratus,
772 2159 829 2240 qui
846 2164 970 2223 eertum
986 2155 1196 2239 epistularum
1212 2159 1304 2240 quasi

171 2263 287 2344 typum
306 2260 462 2342 sequitur,
482 2259 574 2342 dona,
594 2280 676 2344 quae
695 2260 804 2344 puella
818 2261 962 2344 petierat,
982 2260 1012 2324 ei
1032 2258 1186 2342 denegat3
1203 2261 1304 2344 magis

170 2361 321 2446 impediri
345 2369 378 2428 et
400 2363 555 2428 deterreri
578 2364 628 2427 his
647 2363 889 2428 medicamentis
907 2368 1064 2427 amatores
1089 2363 1175 2427 dicit.
1204 2362 1303 2428 Plane

171 2465 301 2531 diverso
320 2466 421 2549 igitur
439 2486 537 2531 sensu
554 2467 651 2548 illam,
670 2485 752 2550 quae
770 2467 874 2531 cuivis
893 2466 988 2530 facile
1007 2467 1157 2547 occurrit,
1175 2471 1303 2530 senten·

170 2570 249 2633 tiam
273 2567 428 2632 adhibent
448 2569 639 2652 scriptores:
664 2569 771 2634 locum
790 2588 994 2634 communem
1017 2568 1115 2633 velim
1138 2587 1303 2652 agnoscas,

170 2672 230 2754 qui
254 2671 338 2737 vitae
362 2671 498 2736 debetur
521 2673 610 2737 etin
633 2671 800 2738 comoedia
822 2673 960 2757 primum
983 2671 1111 2755 legitur.

262 2774 366 2839 Simili
382 2776 416 2838 in
428 2777 617 2858 argumento
630 2781 801 2840 versantur
812 2775 999 2840 Philostrati
1011 2773 1168 2859 epistulae
1181 2775 1224 2837 22
1236 2775 1303 2857 (40)

170 2883 203 2943 et
223 2878 263 2941 27
276 2875 354 2963 (39),
373 2897 453 2960 quas
470 2898 544 2942 oum
560 2878 720 2962 Propertii
739 2879 778 2944 el.
794 2879 811 2943 Ι
828 2880 847 2942 2
867 2878 1116 2958 Golhrischiuslt
1133 2884 1303 2962 comparat,

170 2986 207 3045 ut
237 2979 372 3063 elegiam
395 2980 650 3046 Alexandrinam
682 2984 850 3065 utriusque
880 2983 1021 3046 auctoris
1050 2980 1172 3044 fontem
1200 2980 1302 3045 fuisse

169 3082 328 3148 ostendat
348 3085 462 3148 Artius
478 3089 564 3149 certe
580 3085 613 3148 hi
628 3085 693 3149 loci
706 3085 894 3162 cohaerent3
912 3090 1049 3166 uterquc
1062 3084 1149 3147 onim
1160 3082 1302 3166 pulchri-

169 3185 318 3251 tudinem
346 3193 507 3252 aratura
535 3186 640 3252 datam
668 3189 863 3253 ornamentis
887 3186 979 3271 perdi
1003 3186 1117 3270 probat
1144 3185 1302 3269 exemplis

169 3297 202 3356 et
226 3310 377 3356 ererum
404 3297 520 3355 natura
550 3295 582 3357 et
612 3311 630 3356 e
657 3291 776 3356 fabulis
803 3291 948 3375 sumptis.
981 3290 1053 3375 Ipsa
1081 3289 1240 3354 sententia
1265 3289 1301 3352 in

169 3392 336 3459 comoedia
344 3395 484 3478 primum
500 3393 593 3459 nobis
605 3395 761 3473 ooounit;
779 3394 927 3460 conferas
940 3394 1076 3459 eandem
1087 3391 1301 3457 Mostellariae

168 3497 338 3562 Plautinae
351 3516 509 3581 scaenam,
518 3518 614 3581 quam
625 3499 719 3564 modo
729 3498 868 3564 laudavi.
884 3499 989 3582 Negat
1000 3498 1123 3582 Scapha
1132 3497 1299 3580 pulchram

168 3600 310 3684 puellam
323 3601 519 3665 ornamentis
531 3620 635 3683 egere.
657 3601 811 3667 conferas
822 3601 1038 3667 Mostellariae
1051 3619 1102 3663 vv.
1113 3600 1299 3664 248-250.

169 3704 236 3767 254
249 3722 295 3786 sq.
319 3704 505 3768 258-260.
531 3706 605 3769 287.
630 3705 704 3769 289.
729 3706 808 3768 292:

223 3818 310 3884 Cedo
325 3820 406 3883 mihi
421 3820 590 3904 speculum
607 3823 728 3886 etcum
745 3822 940 3887 ornamentis
956 3821 1098 3886 arculam
1114 3822 1267 3901 actutum,

223 4015 343 4082 Ornata
367 4022 404 4082 ut
426 4019 500 4100 sim,
527 4038 623 4102 quom
647 4018 711 4084 huc
736 3920 1171 4182 <ud>vema?013ffihlaohes,
1197 4035 1254 4081 vo·

934 4120 1026 4202 uptas
1050 4136 1129 4182 mea.
1153 4153 1197 4163 -

261 4253 280 4323 ¹)
298 4253 484 4324 Quaestiones
502 4254 651 4326 Elegiacae
670 4271 695 4326 P·
709 4255 815 4327 ΜΝ·
