3406 4786
162 324 266 380 istulae
281 325 437 380 amatoriae
451 324 591 395 quomodo
602 325 773 382 cohaereant
786 341 851 381 cnm
865 324 962 394 elegiis
972 325 1180 380 Alexandrinis.
1212 319 1254 383 23

161 516 195 561 se
220 495 300 562 dicit
322 497 379 578 (ὼς
397 496 508 562 Λυςίος
532 496 567 562 ἐν
585 499 743 580 Ἐρωτικῷ
760 499 836 579 ελῑ).
866 497 949 562 (lum
967 498 1152 580 similitudo,
1172 518 1256 582 quae

161 599 297 664 tercedit
315 600 401 665 inter
418 599 500 663 illud
515 599 732 684 fragmentum
756 603 788 665 et
811 601 876 665 260
894 601 1006 681 Τιιι.’),
1030 604 1117 666 tanta
1145 602 1196 683 sit
1219 605 1258 666 ut

161 702 266 767 ibitari
294 722 358 767 non
382 705 496 787 possit,
527 704 606 786 quin
631 708 805 786 utrumque
830 704 1047 788 fragmentum
1075 723 1118 769 ex
1144 704 1256 769 eadem

161 806 264 869 ›istula
279 812 442 890 sumptum
455 808 505 888 sit
521 813 630 871 nostro
641 807 714 871 iure
729 810 907 871 statuemus
920 805 1073 891 epistulas
1085 809 1255 872 amatorias

182 910 283 974 libros
311 911 448 975 eroticos
476 911 640 975 rhetorum
668 931 687 974 a
714 929 749 975 se
774 911 907 974 nonita
931 911 1072 977 differre.
1108 911 1191 976 Item
1214 930 1257 976 ex

161 1013 283 1094 ionysio
299 1012 402 1078 Halic.
422 1015 493 1091 περὶ
511 1013 622 1078 Λυςίου
642 1033 708 1096 cap.
727 1014 744 1077 1
766 1018 798 1077 et
814 1016 876 1094 3³),
896 1013 952 1096 qui
971 1014 1124 1098 epistulas
1139 1013 1256 1096 Lysiae

161 1115 231 1178 lum
246 1116 364 1191 λόγους
379 1116 591 1182 ἐπιστολικούς
607 1117 759 1199 nominat,
772 1115 924 1182 concludi
940 1120 1044 1200 potest
1057 1117 1157 1182 libros
1173 1137 1258 1181 ama·

161 1220 226 1282 rios
250 1225 283 1282 et
305 1218 458 1302 epistulas
481 1220 653 1283 amatorias
675 1240 694 1283 a
717 1238 752 1284 se
778 1221 832 1283 vix
856 1221 1020 1285 seiunctas
1044 1240 1123 1286 esse.

218 1320 311 1398 Quod
334 1325 371 1387 ut
393 1321 575 1386 accuratius
596 1320 810 1404 ostendamus
834 1343 923 1388 nunc
941 1322 981 1387 ad
998 1323 1098 1388 libros
1117 1324 1254 1389 eroticos

161 1443 214 1488 sos
238 1443 298 1488 nos
321 1427 500 1502 vertamus3
524 1431 621 1507 atque
639 1424 747 1490 Eueni
766 1425 897 1509 quidem
916 1427 1078 1510 sophistae
1087 1429 1113 1506 4)
1134 1433 1166 1492 et
1184 1427 1259 1491 rhe-

161 1528 206 1591 ris
236 1526 350 1591 titulus
379 1529 504 1591 tantum
533 1531 669 1593 aetatem
698 1528 775 1593 tulit
804 1528 890 1613 apud
916 1529 1114 1595 Artemidori
1145 1530 1259 1595 Ouiro-

161 1631 239 1694 itica
259 1629 312 1694 14
331 1633 371 1714 (p.
390 1631 440 1711 11,
457 1632 499 1694 28
517 1629 565 1695 ed.
582 1630 754 1714 Hercher):
775 1632 896 1710 ἐτύμως
912 1633 1104 1711 κεκλημένον
1120 1632 1258 1712 κάμηλος

161 1734 225 1798 ονεὶ
248 1733 423 1814 κάμμηρος,
452 1735 501 1799 ὡς
529 1753 641 1813 φηςιν
665 1733 812 1813 Εύηνος
840 1734 879 1800 ἐν
902 1739 981 1800 τοῖς
1009 1736 1060 1800 εἰς
1086 1733 1260 1812 Εὔνομον

161 1840 350 1916 ἶρωτικοῑς.
388 1836 483 1902 Unde
513 1838 649 1904 fortasse
683 1839 807 1923 colligis
842 1837 883 1902 ad
918 1857 1055 1922 puerum
1089 1838 1262 1921 pulchrum

161 1940 265 2004 issum
289 1959 360 2004 esse
382 1940 536 2006 libellum.

219 2043 282 2108 Sed
303 2043 368 2108 duo
388 2045 580 2108 vetustiores
600 2043 742 2123 ἐρωτικοί
762 2043 856 2109 nobis
879 2045 997 2109 servati
1017 2051 1101 2126 sunt
1122 2063 1262 2127 quorum

161 2146 262 2210 terius
281 2145 397 2228 Lysias
420 2166 455 2211 re
479 2166 556 2211 vera
579 2152 691 2211 auctor
713 2145 851 2229 videtur,
875 2147 955 2212 alter
972 2146 1183 2212 Demostheni
1207 2145 1262 2210 ad·

161 2248 347 2328 =ribebatur3
378 2249 433 2314 ille
459 2249 602 2315 Platonis
626 2249 772 2314 Phaedro
799 2271 827 2334 p.
845 2252 1090 2315 2300-2340
1119 2251 1260 2314 insertus

161 2357 219 2434 tt5t.
250 2355 358 2438 Atque
378 2354 495 2436 Lysiae
519 2354 648 2437 quidem
672 2355 850 2419 orationem
872 2355 937 2419 iam
957 2357 1083 2419 veteres
1106 2353 1262 2438 putabant

161 2456 300 2522 vistulam
323 2476 396 2522 esse
413 2457 549 2541 pulchro
568 2477 668 2541 puero
692 2458 831 2522 missam.
867 2456 913 2520 of.
933 2455 1100 2521 Hermiam
1120 2455 1262 2519 Platonis

224 2626 244 2696 ¹)
263 2625 326 2693 Alii,
350 2626 397 2696 qui
421 2625 496 2680 idem
516 2627 703 2696 fragmentum
722 2624 804 2680 nobis
827 2623 949 2690 tradunt,
974 2640 1027 2679 nos
1050 2623 1184 2678 certiores
1204 2640 1262 2678 non

161 2709 247 2778 ciunt,
267 2726 300 2763 ex
325 2726 380 2780 qno
399 2710 470 2765 libro
488 2710 589 2780 Lysiae
608 2710 677 2765 illud
696 2709 849 2777 hauserint,
869 2714 900 2763 ut
918 2707 1020 2763 Suidas
1039 2708 1092 2762 sub
1110 2724 1181 2763 voce
1198 2705 1264 2772 Ἐμ·

161 2796 303 2850 εδοκλέοιις
316 2797 414 2862 ἔχθρα.
434 2795 497 2862 Alii,
511 2799 542 2850 ut
554 2794 744 2865 Diogenianus
761 2794 806 2864 (lv
819 2794 864 2862 77)
882 2798 909 2847 et
921 2793 956 2847 M.
971 2792 1131 2863 Apostolius
1149 2793 1206 2862 (Vll
1222 2793 1265 2858 13)

161 2899 165 2934 r
179 2896 284 2936 nomen
297 2880 411 2950 quidem
424 2881 525 2950 Lysiae
538 2881 666 2935 afferunt.
685 2878 790 2933 Eodem
803 2878 887 2934 modo
903 2884 987 2949 atque
1000 2879 1187 2948 fragmentum
1200 2878 1263 2945 261,

161 2970 318 3036 agmentum
336 2967 389 3021 262
412 2967 449 3021 ah
468 2966 691 3035 Harpocratione
710 2963 763 3020 snb
785 2980 855 3020 voce
878 2964 1067 3030 ἀπαγορεύειν
1087 2962 1173 3018 alicui
1192 2962 1264 3018 libro

162 3052 238 3108 otico
251 3052 353 3121 Lysiae
370 3053 532 3108 attribuitur
550 3052 746 3122 (ἀπαγορεύειν
765 3049 827 3104 ἀντὶ
844 3054 898 3103 τού
916 3051 1034 3115 κάμνειν
1052 3047 1096 3102 κολ
1115 3050 1264 3103 ἀδυνάτως

161 3154 206 3203 ;ειν
225 3137 349 3191 Λυςίας
368 3138 546 3205 ἐρωτικῷ).

223 3223 245 3293 ·)
257 3222 325 3278 Vide
338 3222 418 3293 p.21;
436 3223 511 3293 quod
523 3223 711 3292 fragmentum
719 3220 821 3276 Suidas
834 3220 886 3275 sub
896 3235 966 3274 voce
982 3222 1093 3286 φαῦλος
1107 3219 1141 3287 (ll
1157 3236 1183 3288 p.
1196 3217 1266 3273 1433

161 3308 174 3363 t.
188 3308 363 3378 Bernhardy)
381 3308 475 3376 tradit,
495 3324 559 3363 cum
577 3307 631 3361 hoc
649 3306 734 3360 modo
746 3304 860 3361 laudat:
880 3303 925 3359 καλ
944 3304 1045 3359 horluc
1064 3305 1094 3358 ἐν
1105 3301 1263 3371 Ἐπιςτολη,

223 3393 244 3462 ³)
265 3392 392 3462 Dionysii
415 3392 556 3447 Halicarn.
581 3390 646 3457 περ)
668 3389 772 3444 Λυςίου
797 3407 858 3459 οιιρ.
873 3390 904 3444 1:
930 3388 1077 3444 πλεέςτους
1100 3391 1132 3443 δέ
1150 3389 1264 3455 γράψας

161 3493 237 3543 ιγους
328 3477 493 3546 ἐρωτικούς,
513 3476 703 3531 ἐπιςτολικούς
725 3479 753 3530 et
777 3491 837 3545 cap.
850 3475 883 3530 3:
909 3474 975 3542 περ)
994 3477 1049 3542 γὰρ
1069 3475 1105 3541 δὴ
1125 3477 1186 3527 τῶν
1206 3472 1264 3526 ἐπι·

161 3566 272 3617 ολικῶν
291 3600 298 3615 .
312 3605 318 3616 .
334 3604 339 3616 .

223 3648 246 3717 ⁴)
265 3647 305 3703 De
318 3648 415 3702 Eueno
434 3646 547 3702 disserit
566 3645 705 3702 Ricardus
722 3645 915 3702 Reitzenstein
933 3645 1009 3715 apud
1025 3644 1263 3714 Pauly-wissowa

161 3733 283 3803 ncyclop.
303 3733 337 3787 Vl
356 3749 382 3802 p.
395 3732 457 3787 976.

224 3819 246 3888 ο)
263 3818 418 3884 Eroticum‚
441 3834 524 3886 quem
550 3816 625 3886 apud
647 3817 795 3872 Platonem
816 3816 847 3871 in
865 3815 993 3871 Phaedro
1019 3832 1044 3884 p.
1060 3812 1265 3869 asos-aste

161 3905 258 3975 gimus,
278 3904 379 3973 Lysiae
392 3919 455 3958 esse
469 3906 627 3972 postremus
641 3902 761 3957 loannes
774 3902 917 3957 Vahlenus
929 3898 1196 3970 (Sitzungsberichte
1216 3897 1267 3952 der

161 3990 321 4046 *eussischen
333 3988 486 4044 Akademie
500 3988 550 4042 der
562 3987 802 4041 wissenschaften
816 3987 886 4042 1903
902 3987 957 4041 vol.
970 3987 994 4040 Il
1012 4003 1038 4056 ρ.
1048 3983 1112 4053 788)
1125 3983 1265 4054 probavit.

161 4076 269 4130 inferas
289 4074 374 4138 locos,
394 4073 496 4141 quibus
514 4072 611 4127 erotici
627 4071 759 4141 Lysianei
776 4074 977 4135 memorantur,
996 4085 1082 4140 supra
1098 4086 1123 4138 p.
1137 4069 1172 4122 22
1181 4084 1221 4137 sq.
1239 4072 1266 4124 et

172 4162 248 4215 2270
266 4159 392 4214 Platonis
405 4157 540 4212 Phaedri:
561 4157 646 4223 ὁγάρ
659 4171 705 4210 τοι
721 4156 807 4220 λόγος
820 4157 864 4224 ἢν,
884 4155 949 4223 περ)
963 4156 997 4209 ὃν
1011 4154 1198 4221 διετρίβομεν,
1215 4154 1267 4207 οάκ

161 4248 187 4300 ἰδ’
203 4247 302 4300 ὅντινα
319 4244 431 4311 τρόπον
451 4243 464 4296 ἐ
471 4243 628 4310 ρωτικός.
766 4265 768 4269 ·
