2932 4800
64 339 209 409 Epistulae
223 340 380 396 amatoriae
394 341 534 411 quomodo
552 341 725 396 cohaereant
742 357 806 397 oum
825 341 921 411 elogiis
933 341 1141 398 Alexandrinis.
1176 338 1194 399 7

64 513 229 576 amatoriis
238 516 268 595 ¹),
281 532 364 596 quae
374 513 571 596 argumentis
584 519 616 577 et
626 513 794 578 sententiis
805 513 942 597 singulis
954 533 1029 578 cnm
1039 515 1198 599 epigram·

63 616 160 679 matis
179 617 308 699 saepius
328 619 515 699 congruant,
538 634 781 698 nonnumquam
800 617 911 680 utitur.
949 616 1063 699 ltaque
1082 617 1197 683 doctus

62 718 119 782 ille
132 718 184 782 vir
200 720 511 802 argumentationem
522 717 650 800 Leonis,
667 738 731 802 qua
747 717 850 800 docet,
866 718 1026 802 quomodo
1041 719 1196 803 Tibullus,

62 821 262 905 Propertius,
286 820 423 886 Ovidius
441 821 480 885 ab
504 821 616 905 elegiis
635 821 866 887 Alexandrinis
889 821 1061 906 pendeant,
1083 822 1197 907 probat
1276 867 1280 877 ·

63 931 96 989 et
104 925 228 1008 primus
237 944 279 989 ex
287 925 553 1009 epigrammatum
561 924 855 990 Alexandrinorum
863 926 1198 1010 etelcgiarumRoma·

61 1048 180 1093 norum
213 1028 426 1093 similitudine
455 1029 598 1093 carmina
626 1028 769 1112 elegiaca
797 1029 1017 1095 Alexandrina
1046 1032 1196 1096 restituit

61 1132 174 1197 Pauca
198 1131 238 1197 de
256 1132 422 1197 Wilhelmi
441 1132 725 1216 disputatiunculis
744 1131 901 1214 addimus,
926 1133 981 1216 qui
1001 1133 1108 1197 fontes
1132 1133 1197 1198 ele·

61 1239 191 1321 giorum
223 1237 366 1302 Tibulli
394 1237 460 1301 18.
483 1240 511 1301 9.
540 1237 613 1302 113
647 1236 802 1322 indagare
835 1236 951 1302 studet
994 1237 1195 1322 Quamquam

61 1345 154 1407 recte
171 1342 334 1407 intellexit
350 1342 511 1406 Tibullum
531 1343 564 1405 in
584 1342 696 1425 elegiis
715 1341 945 1425 componendis
962 1360 1004 1406 er
1023 1361 1088 1406 uno
1107 1341 1195 1406 fonte

61 1464 130 1508 non
165 1445 319 1528 hausisse,
348 1444 404 1510 sed
433 1444 610 1528 compluria
641 1447 838 1528 argumenta,
866 1463 949 1527 quae
978 1446 1048 1510 sive
1078 1445 1114 1507 in
1143 1464 1197 1510 co-

62 1547 203 1612 moediis
220 1548 338 1612 sivein
355 1547 594 1632 epigrammatis
606 1548 675 1612 sive
691 1547 725 1610 in
742 1547 833 1611 libris
849 1547 985 1612 aliorum
1003 1548 1196 1632 scriptorum

62 1651 226 1735 leguntur,
249 1652 335 1715 inter
354 1670 389 1716 se
409 1651 627 1732 coniunxisse,
648 1655 752 1714 tamen
773 1651 852 1715 haec
870 1669 989 1734 genera
1006 1651 1197 1733 litterarum,

64 1774 148 1838 quae
158 1755 428 1835 enumeravimus,
434 1754 502 1817 sola
511 1753 708 1838 exemplaria
717 1752 973 1837 poetaeRomani
986 1754 1087 1818 fuisse
1101 1757 1198 1838 negat

64 1864 96 1921 et
120 1859 311 1922 sententiam
335 1857 454 1922 Leonis
479 1858 632 1940 sequitur.
663 1856 778 1939 Neque
806 1859 893 1923 enim
920 1860 1013 1941 putat
1034 1857 1197 1922 Tibullum

62 1964 155 2026 recta
168 1961 222 2024 via
235 1959 276 2025 ad
290 1979 423 2025 scaenas
438 1961 677 2025 comoediarum
692 1959 836 2042 rediisse,
851 1959 909 2025 sed
923 1961 1042 2045 elegias
1055 1961 1198 2026 Alexan-

64 2064 175 2127 drinas
187 2065 274 2128 inter
285 2063 468 2129 comoedias
479 2069 511 2128 et
521 2064 664 2128 carmina
676 2063 818 2146 elegiaca
827 2064 1045 2128 Romanorum
1057 2065 1196 2129 interce·

64 2165 151 2231 dere.
168 2167 340 2232 Praeterea
356 2168 385 2232 ei
402 2185 593 2251 persuasum
610 2169 658 2231 est
674 2166 827 2250 epistulas
843 2167 1021 2250 amatorias,
1034 2167 1104 2232 sive
1120 2187 1195 2232 cum

64 2270 241 2335 comoediis
269 2270 338 2334 sive
368 2289 441 2335 cum
470 2269 582 2353 elegiis
609 2269 763 2334 Romanis
793 2275 985 2354 congruunt,
1014 2289 1055 2335 ex
1084 2270 1197 2354 elegiis

63 2371 295 2438 Alexandrinis
318 2373 495 2453 fluxisset).

154 2476 216 2540 His
231 2477 332 2561 igitur
347 2475 526 2541 rationibus
542 2475 604 2538 viri
624 2475 709 2539 docti
732 2476 876 2540 carmina
896 2475 1039 2559 elegiaca
1054 2475 1198 2541 Alexan·

64 2578 233 2643 drinorum
248 2581 420 2645 restituere
437 2578 644 2661 conabantur,
660 2599 736 2643 cum
746 2578 839 2644 Felix
851 2578 1011 2665 Jacobyl)
1027 2579 1196 2644 sententiis

63 2700 175 2746 eornm
202 2681 404 2747 contradixit.
428 2683 566 2746 Prorsus
585 2683 672 2746 enim
690 2689 787 2766 negat
806 2682 1045 2748 Alexandrinos
1069 2682 1196 2767 elegias,

63 2783 183 2868 quibus
209 2784 249 2848 de
274 2803 309 2849 se
334 2790 367 2849 et
390 2804 449 2850 suo
472 2804 581 2850 amoro
603 2785 748 2870 agebant,
772 2787 947 2871 scripsisse.
971 2786 1086 2870 Neque
1109 2785 1196 2851 enim

64 2906 81 2952 e
97 2887 245 2970 reliquiis
260 2907 367 2970 neque
384 2907 401 2952 e
418 2890 610 2953 testimoniis
620 2894 654 2971 ⁴),
671 2909 753 2973 quae
768 2896 882 2974 poetae
897 2890 1034 2955 Romani
1050 2890 1196 2973 aflerant,

63 2990 216 3056 concludi
242 3010 337 3075 posse
366 2991 445 3056 tales
474 2992 592 3075 elegias
623 2992 709 3076 apud
736 2993 976 3058 Alexandrinos
1004 2994 1196 3078 compositas

63 3113 144 3159 esse.
182 3094 308 3178 Jacoby
330 3095 431 3178 igitur
457 3098 548 3179 putat
570 3095 731 3160 Romanos
758 3096 879 3180 primos
907 3096 1035 3180 elegias,
1059 3115 1196 3179 quarum

62 3202 177 3280 poetae
209 3217 286 3262 suos
320 3218 445 3263 amores
473 3198 663 3281 tractabant,
693 3200 920 3282 composuisse.
959 3198 1195 3263 Similitudines

63 3308 180 3383 autem,
194 3321 278 3383 quae
292 3302 499 3367 intercedunt
514 3304 599 3367 inter
614 3303 757 3367 carrnina
771 3303 999 3385 Romanorum,
1015 3303 1196 3368 comoedias

63 3423 173 3486 novas,
198 3405 433 3488 epigrammata,
461 3405 560 3469 libros
589 3406 781 3489 scriptorum
809 3407 1011 3488 erotioorum,
1036 3405 1196 3489 equibus

63 3505 249 3572 Tridericus
261 3507 326 3572 Leo
344 3514 377 3572 et
392 3508 447 3572 alii
460 3508 653 3591 colligebant
665 3507 906 3574 Alexandrinos
923 3509 1066 3573 carmina
1083 3508 1196 3592 elegiis

64 3610 219 3674 Romanis
247 3611 366 3675 similia
393 3611 568 3695 scripsisse,
597 3612 709 3695 elegiis
737 3612 968 3677 Alexandrinis
997 3611 1107 3677 deberi
1131 3632 1196 3677 non

64 3732 144 3797 opus
168 3732 240 3778 esse
264 3714 412 3798 exponit3
436 3733 543 3796 neque
567 3715 652 3793 enim
676 3715 849 3797 quicquam
869 3714 1004 3796 obstare,
1023 3714 1196 3797 quominus

64 3821 216 3899 putemus
243 3820 354 3900 poetas
382 3817 555 3898 Romanos,
578 3817 613 3880 in
640 3819 753 3901 primis
777 3816 941 3899 Ovidium,
970 3817 1198 3901 epigrammata

160 3977 179 4044 1)
200 3975 345 4045 Conferas,
364 3980 395 4031 ut
415 3977 544 4046 exemplo
563 3981 683 4046 utamur,
703 3978 720 4032 l.
734 3977 850 4048 l.·p.1b.

157 4063 178 4130 ¹)
199 4061 361 4131 Philologus
371 4062 407 4117 60
420 4061 513 4131 (1901)
530 4079 555 4132 p.
566 4062 678 4133 584sq,
693 4063 793 4118 Rhein.
803 4063 932 4118 bluseum
946 4063 981 4118 59
993 4062 1085 4133 (1904)
1098 4079 1123 4133 p.
1135 4063 1197 4120 280.

155 4148 177 4215 8)
198 4147 297 4202 Rhein.
317 4147 446 4202 Museum
465 4147 502 4202 60
519 4148 611 4217 (1905)
631 4164 656 4217 p.
670 4148 706 4204 38
717 4165 776 4219 sqq.

156 4234 177 4302 ⁴)
195 4232 264 4288 Vide
284 4249 371 4303 supra
389 4234 440 4303 pl
461 4233 557 4289 adnot.
570 4235 595 4288 2.
