3288 4908
146 405 290 476 Epistulae
304 405 460 462 amatoriae
479 403 622 476 quomodo
639 404 811 460 cohaereant
824 419 888 459 cum
905 402 1002 473 elegiis
1014 401 1221 458 Alexandrinis.
1254 396 1273 458 3

144 581 321 663 8166161616
335 577 590 660 Byzantinorum
610 583 642 643 61
660 577 779 661 elegias
795 575 964 660 Propertii,
984 593 1208 658 quaecumque
1227 593 1276 638 ar-

145 684 299 765 gumento
322 681 407 745 inter
429 699 464 746 se
488 681 702 760 consentiunt,
726 679 767 744 ad
790 679 1086 744 Alexandrinorum
1108 681 1275 763 poetarum

147 783 268 867 elegias
290 782 399 848 refert.

238 893 283 956 nt
309 911 384 956 oum
406 889 570 956 Mallotius
597 889 702 955 solum
726 889 899 956 contendat
926 890 1101 956 sententias
1132 888 1276 974 singulas

148 996 181 1060 61
203 1014 306 1079 pauca
328 999 516 1077 argumenta
539 993 700 1078 Propertii
723 993 902 1058 carminum
932 1012 974 1057 ex
999 992 1111 1076 elegiis
1135 991 1278 1058 Alexan·

147 1097 250 1162 drinis
273 1097 426 1179 fluxisse,
455 1095 638 1162 Fridericns
662 1095 761 1179 Leo¹)
791 1115 875 1160 novo
898 1095 1080 1160 litterarum
1102 1113 1220 1180 genere
1244 1096 1278 1158 in

149 1201 420 1285 comparationem
446 1205 560 1265 vocato
583 1199 761 1282 Tibullum,
790 1199 1010 1283 Propertium,
1041 1197 1193 1263 Ovidium
1215 1203 1280 1262 tota

147 1323 245 1388 saepe
261 1308 450 1386 argumenta
463 1303 529 1368 illis
545 1302 664 1368 debere
679 1301 815 1387 probare
831 1301 955 1368 studet:
980 1301 1171 1366 artissimam
1193 1301 1279 1366 eninr

147 1407 350 1474 intercedere
373 1409 458 1472 inter
481 1408 651 1472 nonnullas
674 1410 839 1491 poetarum
864 1405 1083 1471 Romanorum
1105 1404 1224 1488 elegias
1249 1407 1281 1468 et

148 1529 260 1594 novae,
288 1530 370 1594 quae
398 1509 525 1592 dicitur,
550 1510 734 1576 comoediae
757 1528 890 1574 scaenas
915 1508 1167 1573 similitudinem.
1197 1506 1280 1572 Oon·

149 1615 219 1696 1611,
244 1621 280 1678 ut
301 1614 595 1679 luculentissimum
623 1613 739 1696 eligam
763 1611 956 1696 exemplum,
979 1611 1097 1677 Tibulli
1124 1629 1238 1676 versus
1261 1610 1278 1674 I

149 1718 180 1798 3,
196 1718 329 1781 83-88
350 1719 382 1782 et
396 1716 537 1782 Terentii
552 1715 703 1781 Heauton
719 1714 935 1780 Timorumeni
952 1713 1052 1800 274²)
1064 1733 1141 1796 sqq,
1162 1712 1280 1796 quibus

241 1905 262 1974 ¹)
281 1901 1022 1972 FridericusLeo,PlautinischePorschungen,Berlin
1031 1899 1109 1967 1895,
1117 1916 1142 1970 p.
1151 1899 1202 1954 126
1210 1914 1280 1970 sqq.;

150 1992 295 2064 Glittinger
305 1993 434 2048 Gelehrte
443 1990 585 2062 anzeigen
596 1991 666 2046 1898
679 2008 704 2061 p.
713 1990 778 2058 7463
791 1990 890 2046 Rhein.
899 1991 1028 2045 Museum
1040 1989 1075 2044 55
1086 1989 1177 2060 (1900)
1188 2005 1213 2060 p.
1220 1988 1281 2044 604.

241 2094 263 2162 ¹)
283 2090 323 2146 cf.
343 2090 482 2146 Tibullum
502 2091 512 2144 l
530 2089 556 2158 3,
570 2089 692 2146 83-88:

313 2176 349 2230 nt
368 2180 398 2230 tu
418 2179 498 2230 casta
517 2189 615 2244 precor
634 2188 760 2242 maneas,
780 2172 929 2241 sanctique
948 2169 1064 2240 pudoris

367 2260 504 2315 Adsideat
522 2263 617 2314 custos
636 2257 735 2314 sedula
754 2273 866 2327 semper
885 2273 965 2325 anns,

313 2347 389 2402 11666
409 2345 459 2400 tibi
478 2345 599 2400 tabellas
618 2344 722 2400 relerat
740 2343 889 2412 positaque
907 2343 1024 2398 lucerna

367 2429 494 2486 Deducat
512 2429 596 2500 plena
615 2428 739 2484 stamina
758 2430 843 2498 longa
861 2429 941 2484 colu:

314 2516 350 2570 111
369 2515 446 2570 61166
465 2514 600 2584 gravibus
619 2513 714 2584 pensis
734 2513 828 2569 adfixa
846 2515 942 2583 puella

367 2602 507 2658 Paulatim
526 2617 626 2656 somno
646 2602 722 2657 16666
741 2601 865 2655 remittat
882 2615 962 2670 opus.

152 2699 181 2750 61
200 2693 362 2749 Terentium
380 2691 509 2748 Heauton
527 2691 718 2746 Timorumeni
736 2691 791 2746 274
800 2705 875 2760 sqq:

637 2805 672 2814 —
690 2775 749 2830 lam
768 2774 889 2844 primum
907 2771 1042 2838 omnium,

314 2863 366 2919 Ubi
384 2865 501 2916 ventum
519 2859 557 2915 ad
574 2860 655 2916 aedis
674 2863 725 2928 est,
745 2861 848 2914 Dromo
867 2859 958 2929 pultat
976 2858 1067 2924 tores;

314 2949 393 3002 Anus
412 2945 551 3017 quaedam
572 2945 679 3016 prodit;
699 2945 771 3000 baec
789 2944 838 3000 ubi
857 2943 948 3014 aperit
967 2942 1079 3012 ostium,

315 3033 455 3088 Continuo
474 3031 520 3086 hic
540 3047 571 3085 se
591 3030 666 3084 intro
685 3027 799 3098 conicit,
818 3044 870 3098 ego
890 3042 1063 3097 consequor;

315 3119 394 3173 linus
413 3116 520 3172 toribus
540 3115 619 3170 obdit
637 3114 790 3184 pessulum,
809 3113 845 3168 ad
864 3113 961 3168 lanam
980 3111 1060 3167 redit.

316 3203 367 3257 Hic
387 3202 454 3257 sciri
473 3201 564 3270 potuit
583 3203 631 3254 aut
649 3214 790 3269 nusquam
809 3197 886 3264 alibi,
905 3195 1006 3262 Clinia,

316 3289 386 3359 Quo
405 3286 517 3342 studio
535 3285 639 3340 vitam
658 3300 752 3339 suam
772 3287 804 3338 te
823 3283 969 3338 absente
989 3279 1155 3350 exegerit,

316 3373 368 3430 Ubi
387 3373 422 3428 dc
441 3370 621 3442 improvisost
639 3369 829 3424 interventum
844 3367 963 3422 mulieri.

316 3459 388 3514 Nam
407 3473 506 3512 66166
525 3460 585 3511 turn
603 3454 681 3510 dedit
700 3452 889 3509 existumandi
908 3452 1020 3522 copiam

317 3543 484 3601 Cotidianae
503 3543 578 3596 vitae
598 3539 840 3606 consuetudinem,

318 3631 395 3700 Quae
415 3628 572 3698 quoiusque
591 3625 735 3696 ingenium
753 3627 784 3679 ut
803 3624 840 3678 sit
859 3622 984 3678 declarat
1002 3635 1142 3675 maxume.

315 3715 468 3770 Texentem
488 3714 574 3767 telam
593 3709 719 3766 studiose
738 3710 829 3779 ipsam
849 3707 1026 3774 offendimus,

316 3798 494 3855 Mediocriter
513 3797 645 3852 vestitam
663 3799 742 3851 veste
762 3795 873 3866 lugubri

317 3881 394 3952 (liius
413 3881 497 3936 annis
516 3896 604 3935 causa
623 3878 731 3949 opinor,
751 3893 824 3948 quae
843 3881 905 3933 erat
922 3875 1045 3946 mortua)

318 3967 385 4022 Sine
405 3983 489 4034 auro;
508 3970 568 4021 tum
586 3967 716 4019 ornatam
735 3963 783 4032 ita,
802 3963 844 4018 uti
863 3977 936 4032 quae
955 3963 1093 4015 ornantur
1111 3957 1174 4026 sibi,

317 4051 400 4106 Nulla
418 4051 494 4106 mala
513 4067 541 4105 re
560 4065 622 4103 esse
641 4048 794 4118 expolitam
813 4045 952 4114 muliebri,

318 4135 444 4205 Capillus
463 4149 564 4204 passus
583 4132 691 4204 prolixe
710 4138 738 4188 et
756 4131 863 4187 circum
882 4134 967 4201 caput

318 4219 451 4275 Reiectus
470 4219 658 4289 neglegenter,
678 4231 741 4286 pax.
760 4243 797 4258 -
815 4215 884 4286 Syre
904 4215 952 4284 rui,
971 4213 1098 4282 obsecro,

318 4305 423 4360 Nema
443 4304 472 4359 in
491 4303 628 4358 laetitiam
647 4301 752 4357 trustra
771 4300 907 4356 conicias.
927 4329 962 4341 ·-
982 4299 1060 4354 Anus

1145 4406 1180 4460 1*
