3308 4938
150 425 336 495 Quaestiones
346 424 711 481 Tertullianeaeadlihrum
720 426 863 481 Adversus
873 427 1002 482 Praxean
1015 427 1197 496 pertinentes.
1238 413 1277 483 '57

151 597 285 662 deutseh
310 603 392 661 etwa
420 596 521 662 durch
545 597 614 662 ‘der
642 596 854 663 betretfende’
879 598 1102 682 wiedergeben
1132 599 1204 663 tesst
1235 599 1280 664 ‘Si

152 701 331 766 membrum
347 701 459 784 rupeit,
483 702 516 764 ni
540 721 612 765 cum
634 721 672 765 eo
692 702 785 784 pacit
808 701 884 766 talio
902 702 981 767 esto’
997 721 1095 786 sagon
1115 701 1168 766 die
1186 703 1282 766 zwotr

151 803 269 868 Taieln.
301 803 371 868 Aur
394 806 488 868 einen
512 803 684 869 tihnlichen
709 803 878 870 Gebrauch
908 825 969 869 von
996 805 1090 870 οὗτος
1115 807 1222 870 macht
1245 805 1280 870 ld.

152 907 313 972 Schwartz
340 907 427 971 mich
454 907 682 989 aulmerhsam‚
710 907 773 992 vgl.
795 909 885 972 Plato
909 908 1004 992 Soph.
1021 909 1125 972 251A
1152 912 1281 974 πολλοῖς

151 1009 282 1088 oropum
309 1007 428 1074 ταύτὸν
455 1014 551 1076 τοῦτο
580 1010 728 1076 ἑκάετοτε
756 1013 1040 1091 προςαγορεύομεν
1068 1009 1148 1075 oder
1175 1011 1280 1075 Plotin

152 1111 294 1177 Enncad.
311 1113 402 1194 Har
429 1111 511 1177 ἄλλο
529 1110 566 1177 τὸ
585 1115 620 1176 ἐν
638 1113 763 1179 τούτοις
783 1117 880 1184 νοεῖν,
905 1111 983 1178 ἄλλο
1008 1117 1044 1178 δὲ
1067 1107 1104 1178 τὸ
1126 1118 1212 1179 νοεῖν
1235 1111 1282 1178 ὅτι

153 1221 247 1280 νοεῖ.»
281 1215 375 1292 Quod
394 1215 420 1280 F
438 1215 541 1280 codex
562 1237 620 1300 pro
637 1216 737 1281 ‘tuno'
761 1217 857 1280 affert
875 1215 1049 1281 absurdum
1069 1214 1149 1281 illud
1168 1217 1283 1298 ‘emic’,

151 1339 249 1404 prava
273 1319 411 1384 lectione
431 1323 479 1384 est
502 1319 738 1404 explicandum,
761 1320 913 1384 libramus
932 1321 1035 1384 forma
1054 1327 1066 1384 t
1084 1321 1209 1384 litterae
1228 1318 1283 1383 do·

153 1427 264 1506 ceptus
282 1441 341 1505 pro
360 1429 373 1485 t
391 1443 408 1488 e
427 1423 563 1487 litteram
584 1423 669 1506 legit,
693 1425 762 1487 tum
781 1429 952 1506 sequentes
970 1424 1093 1488 litteras
1112 1443 1176 1486 non
1196 1427 1284 1487 recte

153 1527 354 1609 coniungens
370 1525 474 1590 ‘emic'
490 1527 625 1610 scripsit
654 1526 756 1604 Quam
776 1527 947 1591 lectionem
967 1527 1077 1608 affero,
1097 1532 1134 1590 ut
1151 1526 1284 1591 demon-

154 1635 250 1694 strem
267 1629 292 1693 F
308 1628 450 1694 codicem
471 1630 636 1713 archetypi
656 1629 919 1713 (Hirsaugiensis)
938 1632 1109 1714 imaginem
1130 1649 1284 1714 persaepe

157 1732 237 1796 benc
257 1733 392 1797 reddere
412 1735 616 1815 maximaque
637 1733 802 1815 diligentia
821 1734 985 1797 librarium
1003 1734 1146 1818 singulas
1162 1734 1285 1798 litteras

156 1835 310 1899 imitando
334 1837 540 1919 expressisse.
572 1836 609 1898 ln
633 1837 843 1919 sequentibus
867 1838 996 1920 egregie
1020 1842 1116 1919 atque
1142 1837 1284 1902 dilucide

155 1937 368 2002 Tertullianus
381 1939 497 2022 pergit:
512 1939 628 2003 habere
640 1939 746 2002 filium
759 1938 870 2020 debeo,
882 1945 917 2002 ut
929 1945 1019 2023 pater
1028 1940 1097 2021 sim,
1111 1945 1143 2003 et
1152 1945 1284 2023 patrem,

157 2047 189 2104 ut
211 2041 301 2106 filius
325 2042 394 2106 sim.
426 2041 553 2106 Diaboli
578 2061 654 2106 vero
679 2048 727 2106 est
746 2041 893 2106 ‘alterum
917 2061 959 2106 ex
982 2041 1081 2106 altero
1101 2042 1284 2122 excludere,

156 2143 231 2208 dum
253 2150 424 2227 utrumque
442 2147 476 2208 in
497 2165 597 2209 unum
615 2195 621 2208 .
639 2195 645 2209 .
662 2195 669 2208 .
689 2143 886 2210 concludens
906 2150 1056 2210 neutrum
1073 2145 1183 2210 haberi
1199 2145 1285 2224 iacit,

154 2253 189 2311 ut
207 2253 240 2312 et
258 2255 348 2332 pater
366 2267 431 2312 nou
449 2249 498 2329 sit
518 2250 574 2331 qui
593 2249 719 2312 scilieet
737 2249 841 2312 tilium
861 2268 925 2312 non
943 2247 1046 2328 habet
1067 2254 1099 2312 et
1113 2247 1203 2312 filius
1220 2267 1285 2312 non

154 2351 202 2430 sit,
231 2352 287 2432 qui
312 2369 413 2433 aeque
441 2356 563 2434 patrem
591 2371 656 2416 non
681 2351 795 2417 habet’.
833 2353 1007 2434 Sequentia
1034 2351 1132 2416 verba
1156 2352 1286 2435 egregie

154 2456 279 2518 sanavit
306 2453 533 2536 Kroymannus
561 2455 748 2518 scribendo:
779 2451 1059 2536 (241t19-13t4)
1083 2455 1169 2518 ‘dum
1200 2456 1286 2518 enim

155 2561 245 2640 pater
262 2564 319 2640 est,
344 2557 433 2620 filius
452 2579 516 2622 non
536 2558 605 2638 erit
630 2564 688 2636 <et
707 2557 785 2622 dum
803 2559 893 2622 filius
913 2564 970 2638 est,
991 2563 1082 2641 pater
1101 2577 1166 2621 non
1185 2559 1285 2636 erit).

156 2661 202 2726 sio
226 2661 443 2724 monarchiam
468 2669 579 2726 tenent
602 2664 658 2744 qui
683 2681 743 2726 nee
763 2665 884 2745 patrem
905 2681 966 2726 nec
984 2661 1091 2724 filium
1112 2663 1287 2726 continent.

157 2764 212 2829 sed
228 2764 327 2828 nibil
344 2765 412 2848 deo
429 2764 614 2830 difficile:
633 2767 705 2847 quis
723 2765 783 2830 hoc
801 2766 946 2830 nesciat?
963 2771 1009 2829 et:
1028 2765 1288 2848 impossibilia

158 2867 255 2950 apud
275 2868 469 2932 saeculum
489 2869 694 2952 possibilia
713 2867 811 2951 apud
832 2867 957 2933 deum:
982 2868 1055 2951 quis
1074 2869 1223 2952 ignoret?
1240 2871 1287 2932 et:

159 2971 276 3035 stulta
307 2971 437 3034 mundi
469 2972 588 3054 elegit
619 2973 728 3054 dene,
760 2975 802 3035 ut
833 2971 1048 3036 confundat
1077 2973 1287 3056 sapientia:

159 3073 297 3157 legimus
321 3075 428 3138 omnia
451 3079 508 3157 (ito
525 3075 646 3156 codices,
670 3075 808 3158 legimus
832 3094 943 3139 omnes
961 3096 1042 3161 saep.
1058 3075 1142 3158 Krt’
1173 3075 1236 3139 Sed
1255 3076 1288 3138 in

159 3177 227 3260 ipso
251 3177 319 3241 fine
345 3177 467 3242 haereo.
501 3179 635 3261 Propter
659 3179 742 3260 ‘quis
761 3179 822 3242 hoc
841 3179 974 3242 nesciat'
999 3185 1030 3243 et
1049 3179 1132 3261 ‘quis
1152 3179 1288 3262 ignoret’

159 3285 209 3360 t:
230 3299 341 3344 omnes
365 3281 483 3362 sciunt)
511 3281 592 3346 bene
620 3281 683 3345 dici
709 3287 814 3364 potest
841 3281 993 3365 'legimus
1022 3281 1157 3346 omnes’.
1194 3281 1289 3345 Certo

161 3401 227 3447 rem
252 3383 429 3448 diiudicare
452 3403 517 3448 non
537 3386 650 3466 ausim,
674 3405 749 3449 cum
769 3384 856 3449 haud
875 3386 956 3449 male
976 3385 1104 3449 ‘omnia'
1124 3384 1163 3446 ad
1183 3385 1291 3448 omnia

160 3489 221 3549 tria
243 3487 386 3552 membra
410 3507 445 3552 se
469 3489 636 3573 adiungat:
662 3491 720 3554 dos
742 3489 840 3554 haben
863 3493 922 3553 wir
944 3489 1163 3574 despaleneo.

250 3589 318 3654 lam
334 3592 439 3675 pergit
454 3593 566 3656 auctor
582 3589 672 3672 (241Ι
678 3588 823 3660 ccl-13!
828 3595 875 3672 9):
894 3591 1001 3675 ‘ergo',
1019 3591 1179 3674 inquiunt
1193 3590 1291 3656 ‘diffi-

161 3693 223 3757 cile
247 3695 314 3775 (25)
337 3713 403 3758 non
431 3695 494 3758 tuit
516 3694 576 3760 deo
601 3697 705 3778 ipsum
730 3715 765 3759 se
789 3698 821 3759 et
849 3697 972 3779 patrem
997 3695 1160 3759 etlilium
1183 3695 1291 3760 facere

164 3795 318 3861 adversus
346 3796 494 3862 traditam
521 3799 656 3862 formam
685 3797 783 3864 rebus
813 3799 969 3862 humanis.
993 3819 1068 3862 nam
1092 3801 1124 3862 ct
1150 3798 1291 3863 sterilem

161 3918 273 3982 parcre
298 3903 410 3964 contra
436 3903 585 3966 naturam
609 3901 744 3965 difficile
769 3899 828 3965 deo
853 3920 917 3964 non
940 3901 1012 3983 fuit
1036 3901 1122 3966 sicut
1144 3919 1206 3964 nec
1229 3901 1293 3962 vir-

163 4005 292 4086 ginem’.
316 4004 410 4088 plane
429 4005 511 4068 nihil
530 4003 590 4070 deo
615 4004 761 4070 difficile.
785 4003 843 4069 sed
866 4005 894 4068 si
912 4007 975 4068 tam
997 4003 1131 4088 abrupte
1149 4005 1184 4066 in
1203 4021 1293 4086 prae
1334 4026 1349 4070 a

163 4107 402 4191 sumptionibus
431 4110 548 4173 nostris
573 4109 633 4172 hac
661 4110 820 4172 sententia
851 4110 985 4189 utamur,
1016 4107 1145 4189 quidvis
1169 4105 1208 4170 de
1232 4104 1292 4170 deo

162 4211 350 4293 contingere
370 4212 556 4296 poterimus,
579 4208 705 4292 (242t1)
724 4212 816 4294 quasi
836 4211 959 4292 fecerit
979 4212 1055 4292 quia
1073 4210 1182 4274 facore
1201 4213 1294 4293 potu·

252 4354 269 4406 5
289 4353 339 4407 sed
359 4353 383 4407 si
402 4353 457 4407 11³:
478 4353 554 4407 sensi
575 4353 691 4408 purat
