3406 4786
183 102 330 174 Epistulae
348 102 503 158 amatoriae
521 101 662 172 quomodo
672 102 844 158 cohaereant
856 118 920 158 cum
930 102 1027 172 elegiis
1036 102 1243 162 Alexandrinis.
1273 97 1314 160 81

346 274 420 339 Non
443 273 520 339 Idae
544 277 577 340 et
599 273 717 358 cupido
741 273 904 357 quondam
928 274 1089 341 discordia
1112 277 1241 345 Phoebo

393 373 499 438 Ilueni
522 373 634 456 patriis
656 373 727 438 iilia
749 372 907 456 litoribus,

347 472 416 538 Nec
439 472 618 556 Phrygium
640 472 720 537 falso
745 473 844 537 traxit
866 471 1005 537 candore
1028 474 1178 539 maritum

393 573 517 636 Avecta
540 572 683 636 externis
705 570 921 654 Hippodamia
944 572 1031 636 rotis.

184 688 282 773 Apud
307 688 540 752 Philostratnm
563 687 677 752 rustici
706 707 781 752 cum
804 687 938 752 urbanis
968 691 1201 773 comparantur,
1229 690 1316 773 quod

183 792 262 857 iecit
291 792 502 856 Βουκολίςκος
532 790 588 855 ille
610 790 772 856 Theocriti
798 791 1001 873 personati1),
1031 794 1069 855 ut
1095 790 1229 857 deorum
1259 813 1316 859 ex-

185 894 298 979 emplis
325 894 446 958 iniuria
474 896 618 978 pastores
645 914 664 957 a
691 893 807 977 puellis
834 893 943 977 sperni
971 894 1125 960 ostendat
1161 896 1316 963 Conteras

183 996 343 1063 Theocriti
367 997 434 1061 XX
455 998 497 1061 32
511 1016 594 1080 sqq.:

291 1113 368 1178 Ἀλλ’
387 1113 433 1178 ὅτι
458 1113 616 1192 βουκόλος
640 1112 716 1195 ἐμμί,
739 1113 922 1192 παρέδραμε
945 1113 1003 1178 κού
1022 1115 1206 1193 ποτακούει·

292 1218 344 1281 Χὼ
368 1218 463 1281 καλὸς
496 1215 656 1281 Διόνυςος
680 1214 714 1280 ἐν
738 1215 843 1290 ἄγκεςι
865 1216 979 1295 πόρτιν
1003 1216 1145 1297 έλαύνει;

291 1320 358 1385 Οὐκ
382 1321 465 1395 ἔγνω
490 1319 528 1401 δ’,
545 1318 593 1383 ότι
617 1317 730 1398 Κύπρι(
752 1318 803 1383 ἐπ’
823 1319 909 1397 ἀνέρι
933 1320 1056 1398 μήνατο
1081 1321 1179 1405 βοότᾳ

291 1423 346 1487 Καὶ
369 1423 518 1500 Φρυγίοις
540 1422 709 1499 ένόμευςεν
732 1420 767 1485 ἐν
790 1421 917 1499 ὤρεςιν;
942 1421 981 1486 οὐ
1005 1425 1063 1487 τὸν
1079 1421 1213 1489 Ἄδωνιν

289 1527 344 1590 Ἐν
367 1528 508 1604 δρυμοῖο
531 1526 640 1605 φίλαςε
663 1525 712 1588 καὶ
735 1524 770 1587 έν
793 1527 952 1602 δρυμοῖαν
975 1523 1144 1606 ἔκλαυςεν;

289 1627 464 1705 Ἐνδυμίων
489 1630 524 1692 δὲ
546 1628 591 1692 τίς
613 1627 667 1704 ἠνς
692 1627 732 1692 οὐ
756 1628 931 1705 βουκόλος;
956 1629 1046 1693 κ.τ.ἕ.

179 1743 257 1809 Non
272 1744 374 1827 magis
393 1743 541 1826 exempla
556 1747 690 1808 naturae
710 1741 825 1826 debita
845 1761 927 1825 quae
942 1742 1159 1808 Philostratus
1184 1746 1224 1810 27
1246 1743 1314 1829 (39)

180 1850 214 1912 et
228 1846 419 1930 Propertius
437 1845 489 1909 12
514 1845 665 1928 afferunt,
685 1847 769 1910 inter
792 1865 827 1910 se
846 1852 1037 1930 congruunt.
1061 1846 1216 1912 Conferas
1235 1848 1314 1915 Pro·

178 1949 277 2034 pertii
301 1949 363 2031 12,
380 1950 504 2012 9-14:

288 2065 417 2148 Aspice,
441 2084 505 2148 quo
529 2066 706 2128 summittat
728 2064 847 2128 humus
870 2064 1011 2129 formosa
1034 2065 1166 2151 coloreo,

333 2163 376 2227 Et
398 2164 531 2228 veniant
554 2162 691 2228 hederae
714 2168 828 2247 sponte
851 2182 910 2227 sua
933 2164 1058 2247 melius,

288 2263 404 2347 Surget
427 2264 514 2327 etin
539 2263 616 2327 solis
639 2263 812 2326 formosius
835 2262 968 2328 arbutus
991 2264 1101 2342 sutria,

332 2361 374 2425 Et
396 2362 478 2426 sciat
500 2362 657 2426 indociles
681 2380 811 2426 currere
834 2362 966 2445 lympha
989 2362 1076 2426 vias:

287 2460 396 2524 Litora
418 2461 536 2524 nativis
559 2459 754 2544 persuadent
776 2462 861 2544 picta
882 2460 1008 2544 lapillis,

331 2559 374 2624 Et
395 2560 545 2624 volucres
568 2559 657 2624 nulla
680 2559 809 2624 dulcius
832 2566 900 2623 arte
924 2566 1053 2624 canunt.

177 2681 210 2743 et
225 2676 413 2741 Philostrati
429 2677 469 2740 27
487 2678 567 2759 (39lz
593 2677 811 2754 ἀμελούμενον
827 2679 950 2754 μᾶλλον
967 2676 1065 2758 ἀνθεῖ,
1084 2678 1225 2757 καθάπερ
1242 2684 1308 2744 τῶν

177 2784 301 2862 φυτῶν,
326 2779 385 2845 όςα
406 2786 443 2861 τῇ
468 2780 558 2858 φύςει
582 2782 765 2859 θαρροῦντα
788 2780 837 2843 καὶ
859 2783 915 2857 τῆς
936 2783 1003 2844 τῶν
1024 2785 1180 2860 γεωργῶν
1208 2785 1308 2846 πολυ-

177 2885 279 2963 ωρίας
309 2885 349 2961 μή
373 2886 531 2965 χρῄζοντα
637 2883 732 2947 καλὸς
762 2877 797 2964 εἴ,
828 2881 887 2947 κᾶν
917 2884 956 2960 μή
982 2885 1084 2967 θέλῃς,
1111 2885 1161 2947 καί
1188 2885 1308 2950 πάντας

176 2987 276 3051 ἕλκεις
298 2990 344 3068 τῷ
367 2987 436 3050 λίαν
460 2986 673 3069 ἀμελουμένῳ,
697 2985 801 3064 ὥςπερ
827 2985 856 3049 οἱ
876 2985 991 3065 βότρυς
1015 2987 1126 3050 καὶτὰ
1150 2991 1234 3065 μῆλα
1258 2989 1308 3052 καὶ

176 3088 245 3153 εἴτι
257 3085 335 3152 ἄλλο
348 3088 528 3167 αὐτόματον
545 3088 644 3153 καλόν
663 3138 670 3151 .
687 3137 694 3150 .
712 3138 718 3151 .
737 3087 842 3153 οὐδεὶς
863 3087 934 3152 οὐδ’
947 3088 1078 3168 ἀστέρας
1093 3085 1159 3153 εἶδε
1174 3109 1308 3168 κοςμου-

176 3191 293 3269 μένους
303 3190 373 3254 οὐδ’
382 3189 511 3270 ὄρνιθας
519 3192 599 3255 κτέ.
612 3190 735 3273 Neque,
744 3209 826 3272 quae
836 3191 1018 3255 consentire
1026 3190 1187 3273 dicuntur,
1199 3193 1307 3256 omnia

175 3312 213 3358 re
228 3313 305 3359 vera
327 3296 414 3359 inter
436 3313 470 3358 se
495 3297 677 3378 congruunt
696 3330 740 3342 —
759 3294 904 3357 omnium
919 3295 1006 3358 enim
1023 3293 1203 3378 plantarum
1218 3295 1307 3360 truo-

175 3399 334 3480 tuumque
354 3396 627 3481 pulchritudinem
647 3399 780 3461 naturae
797 3417 863 3461 non
884 3398 945 3461 arti
964 3396 1074 3462 deberi
1094 3397 1306 3462 Philostratus

175 3500 228 3583 ait,
251 3520 317 3563 non
341 3499 381 3564 de
400 3503 505 3582 cantu,
529 3498 587 3565 sed
610 3499 651 3564 de
666 3501 798 3584 aspectu
817 3501 926 3565 arium
945 3499 1090 3583 loquitur
1103 3537 1145 3547 -
1158 3503 1199 3583 et,
1223 3520 1305 3583 quae

176 3603 295 3667 similia
310 3602 441 3684 dixeris
458 3602 519 3667 alio
535 3601 630 3666 modo
642 3603 728 3666 inter
746 3621 780 3666 se
797 3605 979 3667 nectuntur.
1002 3602 1104 3666 Locos
1118 3622 1305 3669 communes

176 3695 341 3769 communi
364 3704 529 3768 rhetorum
553 3705 620 3768 arte
643 3706 794 3769 tractatos
818 3704 917 3769 vides.

256 3828 274 3897 ¹)
283 3827 428 3896 Conteras‚
438 3843 511 3897 quae
518 3827 553 3882 de
560 3829 614 3883 hoc
622 3827 747 3883 carmine
755 3828 885 3897 exposuit
891 3828 1120 3884 Wilamowitzius
1129 3828 1304 3899 (Textgesch.

174 3913 225 3969 der
237 3912 387 3968 Bulrolilrer
402 3914 473 3983 pso
482 3913 540 3982 aql.
556 3914 672 3969 Poetam
685 3913 729 3968 vir
742 3913 922 3969 doctissimus
936 3914 966 3969 in
975 3915 1043 3969 Asia
1057 3913 1163 3969 vixisse
1177 3914 1304 3983 suspica-

175 4005 233 4066 tnr;
253 4002 352 4067 artem,
371 4014 444 4068 quae
457 3998 600 4054 rhetorum
614 4004 765 4069 praecepta
777 4000 901 4070 resipiat,
919 3999 1040 4055 similem
1054 4016 1117 4057 esse
1130 4000 1184 4054 arti
1198 3999 1303 4055 Bionis.

229 4121 325 4177 xm&
1179 4109 1196 4163 6
