3248 4910
366 385 408 449 76
786 390 821 445 Μ.
840 389 1063 461 lleinemauu‚

455 559 669 626 Concedimus
690 563 776 626 certe
801 564 833 626 et
852 561 1004 627 Ovidium
1026 564 1247 628 immotissima
1268 563 1381 648 elegia
1406 563 1462 628 17
1484 571 1513 628 et

364 664 526 730 Tibullum
554 663 680 728 duobus
702 663 783 729 rous
807 665 834 746 (Ι
853 665 882 748 e,
899 666 1031 730 71-74
1056 669 1088 730 et
1111 665 1333 750 110,5esq.)
1357 667 1512 751 singulas
1592 653 1593 676 ¹

264 744 288 767 '⁹
364 787 417 834 res
445 787 519 834 oum
543 767 735 832 Philostrato
764 787 950 833 communes
973 768 1100 834 habere.
1133 769 1289 834 Conferas
1314 771 1510 835 Philostrati

366 871 536 956 epistulam
560 871 600 934 61
619 868 703 955 (64):
728 871 773 936 duc
793 869 932 950 ἀνόητος
953 872 1003 937 καὶ
1022 872 1183 952 βάρβαρος
1207 872 1226 936 ὁ
1247 874 1289 952 μὴ
1311 874 1508 953 φειεάμενοε

364 983 431 1044 τῶν
452 978 638 1058 Ἀφροδίτη(
663 980 781 1056 δώρων
805 981 838 1043 et
860 977 969 1043 Ouidii
992 979 1055 1063 Iu,
1073 981 1131 1043 19:

411 1094 490 1172 Quis
508 1093 587 1156 mihi
606 1112 671 1156 non
695 1091 867 1158 ‘demens’l
892 1095 1049 1177 quianon
1068 1094 1148 1158 mihi
1166 1093 1327 1160 ‘barbare'
1346 1095 1462 1160 dixit?

364 1210 491 1278 Deinde
506 1209 692 1276 Philostrati
705 1211 745 1274 61
760 1211 842 1294 (64);
860 1214 925 1291 φεῦ
939 1211 1091 1277 ἀναιδοϋ(
1103 1213 1257 1294 παλάμηε,
1274 1211 1382 1278 ὄντως
1398 1214 1506 1278 πάντα
1592 1275 1593 1280 ,

364 1315 404 1379 τὰ
427 1315 461 1380 ἐκ
483 1315 642 1392 πολεμίων
665 1315 829 1378 πέπονθας
852 1319 884 1378 et
905 1313 1023 1379 Tibulli
1046 1314 1131 1398 110,
1148 1315 1200 1378 65.
1218 1315 1278 1380 66:

433 1431 496 1498 Sed
519 1430 677 1514 manibus,
702 1429 758 1512 qui
781 1448 897 1494 saevus
922 1431 991 1512 erit,
1015 1433 1207 1514 scutumque
1231 1429 1415 1515 sudemque

486 1533 519 1598 Is
542 1538 633 1618 gerat
656 1535 688 1598 et
710 1533 780 1596 miti
803 1532 846 1596 sit
868 1532 981 1616 procul
1004 1532 1177 1597 aVenere.

366 1650 453 1728 Quin
476 1650 573 1715 etiam
596 1647 773 1714 similitudo
797 1647 955 1730 quaedam
981 1649 1067 1713 inter
1088 1647 1260 1713 Menandri
1286 1649 1446 1734 reliquias
1471 1655 1502 1715 et

366 1752 475 1818 Ovidii
502 1752 600 1818 verba
628 1751 824 1836 deprehendi
851 1756 970 1835 potest;
1000 1751 1147 1816 eonferas
1177 1753 1276 1818 verba
1304 1753 1500 1823 Polemonis

366 1876 462 1941 quem
482 1857 624 1942 paenitet
643 1856 796 1920 facinoris
816 1855 867 1918 sui
884 1855 1084 1939 (Oxyryneh.
1096 1855 1212 1940 Papyr.
1229 1856 1261 1920 Π
1277 1876 1307 1940 p.
1323 1859 1374 1939 15,
1392 1877 1421 1920 r.
1434 1859 1499 1921 398

366 1961 414 2025 ed.
435 1959 581 2040 Koertel:
603 1958 646 2022 ‘lv'
663 1958 801 2038 ἐμαυτὸν
819 1959 1016 2036 anonumum
1041 1961 1073 2022 et
1091 1957 1199 2022 Ouidii
1217 1958 1234 2021 I
1251 1961 1281 2040 7,
1298 1959 1342 2022 23
1353 1978 1438 2042 sqq.:

494 2077 580 2140 Ante
604 2093 692 2138 meos
714 2075 837 2139 umeris
860 2075 977 2140 vellem
1001 2075 1157 2140 cecidisse
1179 2075 1335 2141 lacertos:

540 2177 672 2242 Utiliter
694 2178 785 2261 potui
807 2183 897 2262 parte
921 2196 1032 2243 oerore
1054 2178 1136 2256 mei;

495 2280 535 2344 In
558 2299 630 2344 mea
653 2298 807 2344 vaesanas
831 2279 931 2344 habui
955 2279 1124 2364 dispendia
1146 2280 1233 2345 vires

540 2382 582 2446 Et
605 2383 693 2446 valui
716 2401 852 2466 poenam
874 2382 969 2446 fortis
992 2383 1027 2446 in
1050 2385 1120 2468 ipse
1142 2403 1256 2448 meam.

497 2484 581 2563 Quid
605 2485 686 2548 mihi
709 2485 884 2568 vobiscum,
909 2485 1017 2550 oaedis
1040 2485 1264 2570 scelerumque
1288 2488 1481 2554 ministrae?

541 2592 657 2657 Debita
680 2592 854 2677 sacrilegae
879 2592 985 2658 vinela
1007 2593 1113 2658 subite
1138 2597 1268 2659 manus!

366 2709 429 2774 Sed
446 2710 642 2794 argumentis
654 2709 738 2774 inter
753 2728 787 2774 se
800 2708 1011 2774 dissentiunt:
1030 2709 1241 2776 Philostratus
1253 2711 1397 2795 puellam
1409 2713 1498 2777 inre

366 2813 437 2878 nire
451 2832 485 2877 se
496 2813 595 2896 fingit
604 2812 643 2876 ab
658 2814 799 2877 amatore
811 2815 934 2876 tonsam
947 2813 1151 2896 graviterque
1162 2814 1292 2878 incusat
1306 2815 1497 2883 scelestum:

368 2913 504 2978 Ovidius
526 2915 665 2999 puellam
693 2933 728 2979 se
756 2913 943 2979 verberasse
967 2914 1138 2998 crinesque
1162 2916 1233 2980 eius
1256 2935 1406 2999 vexasse,
1434 2939 1496 2983 non

366 3016 550 3082 detondisse
573 3017 660 3083 dicit
689 3019 720 3081 A
736 3016 914 3082 Menandro
933 3019 1079 3102 uterque,
1098 3016 1155 3082 sed
1174 3017 1319 3084 diversas
1338 3021 1374 3084 in
1392 3025 1497 3106 partes

366 3119 495 3185 recedit
524 3119 588 3185 Sed
606 3138 658 3184 res
678 3120 861 3204 conficitur,
885 3120 914 3184 si
932 3119 1044 3185 Rufini
1064 3123 1261 3206 epigramma
1279 3125 1412 3190 Anthol.
1432 3125 1496 3190 Pal.

366 3223 397 3285 V
412 3225 454 3288 41
464 3226 487 3306 ¹)
511 3221 652 3305 adhibes
680 3223 736 3305 qui
760 3223 860 3289 multo
884 3224 1016 3309 propius
1040 3224 1080 3289 ad
1104 3225 1332 3292 Philostratum
1363 3227 1496 3293 aceedit

365 3325 448 3390 Nam
472 3328 505 3390 et
530 3327 600 3409 ipse
628 3324 797 3389 mulierem
821 3346 840 3389 a
861 3327 931 3391 viro
956 3333 1103 3392 vexatam
1126 3329 1320 3393 lamentatur
1342 3333 1383 3412 et,
1413 3329 1497 3414 quod

365 3429 592 3513 gravissimum
622 3432 678 3510 est,
709 3427 748 3491 ab
772 3427 887 3493 iisdem
912 3429 1020 3494 verbis
1046 3430 1169 3514 incipit
1204 3429 1359 3497 Conferas
1383 3433 1494 3498 Rufini

365 3529 685 3596 aethelredum:
707 3533 750 3596 ult
768 3534 890 3611 γυμνὴν
907 3531 993 3598 οὕτω
1011 3553 1044 3598 ce
1060 3535 1110 3597 καὶ
1129 3535 1277 3613 ἐξέβαλεν
1294 3537 1344 3600 καὶ
1360 3535 1494 3616 theresa:

366 3637 399 3700 et
412 3633 599 3699 Philostrati
616 3635 706 3718 epist
720 3635 761 3698 61
775 3635 859 3720 (64):
884 3635 936 3701 Tic
957 3656 997 3713 te,
1018 3636 1045 3700 ὠ
1067 3637 1152 3718 καλή,
1172 3639 1381 3720 περιέκειρενς
1407 3639 1495 3704 Nihil

365 3739 434 3804 iere
449 3737 570 3802 Rufino
588 3740 636 3802 est
651 3757 726 3804 eum
738 3741 926 3823 argumento
938 3739 1067 3804 fabulae
1080 3739 1305 3806 Menandreae.
1323 3741 1393 3806 Iam
1405 3742 1494 3807 rides

364 3840 594 3906 Philostratum
611 3841 775 3925 proticisci
790 3840 831 3907 de
843 3843 1071 3927 epigrammate
1087 3879 1130 3890 -
1142 3843 1255 3908 Rufini
1268 3844 1385 3928 opinor
1394 3845 1493 3930 ipsius

366 3981 408 3991 —
421 3943 598 4010 admiscere
611 3947 717 4010 autem
730 3945 885 4028 quosdam
899 3945 1022 4011 colores
1035 3965 1052 4010 e
1065 3944 1234 4010 Menandri
1248 3948 1492 4028 Περικειρομὲνη

364 4048 490 4132 petitos.
514 4047 630 4131 Ipsam,
653 4050 690 4112 ut
712 4043 983 4132 supra'ridimus,
1006 4069 1072 4114 uon
1096 4049 1175 4113 adiit
1198 4049 1413 4130 comoediam
1442 4051 1493 4116 de

364 4281 414 4337 Pal
442 4197 646 4338 v¹)43(lonieras
672 4199 763 4255 simile
794 4203 989 4270 argumentum
1021 4199 1114 4256 Rufini
1143 4200 1355 4271 epigrammatis
1382 4201 1491 4257 Anthol.
