2940 4792
282 329 324 390 60
653 331 790 400 Ludwig
808 330 1045 400 Hindenlang,

281 506 339 570 des
366 503 539 587 folgenden
570 508 626 581 τῆς
655 499 848 581 θερμότητος
878 506 934 579 τῆς
962 503 1027 565 άπὸ
1055 505 1114 565 τοῦ
1145 503 1243 581 ἀέρος,
1266 521 1308 564 um
1325 502 1363 563 dis

281 608 429 692 doppelte
455 608 518 670 άπά
541 627 582 670 zu
602 606 796 670 vermeiden.
818 607 1045 684 -χορτάζειν
1068 605 1129 667 mit
1146 604 1231 684 Gen.³
1253 603 1365 669 ιιιολδοί

282 713 449 795 Spdieren:
474 711 688 788 χορταςθέντα
711 713 825 786 πυρῶν
850 708 884 771 C.
900 707 947 770 IV
965 710 994 787 9,
1020 711 1046 770 1.

371 813 499 876 Detiv:
529 812 623 875 Dativ
649 813 700 875 bei
725 811 1013 893 Zeitbestimmung
1035 813 1080 874 ist
1106 831 1146 873 zu
1170 810 1308 874 beechten
1327 809 1368 871 111

285 917 349 996 1,3
374 919 447 980 πάςι
472 919 508 979 δέ
531 918 685 993 ςπείρεται
707 919 772 979 τοῖς
798 911 923 992 ἀρότοις
948 915 985 976 τὰ
1010 916 1174 994 ἐπίςπορα.

371 1018 452 1081 Ιλοί.
477 1038 629 1082 causae:
654 1019 718 1081 fast
739 1019 799 1082 wie
821 1016 890 1080 Ded
909 1017 973 1080 leci
996 1017 1044 1079 IV
1062 1019 1128 1098 7,3
1156 1016 1373 1094 δενδρύφύάπιι
1461 1052 1466 1073 ι

281 1123 318 1185 τὸ
332 1124 387 1199 μὲν
401 1126 514 1200 χρῶμα
526 1122 641 1200 ἔχοντα
658 1120 770 1198 ὅμοιον
787 1123 890 1197 κέρατι
904 1122 990 1201 βοός,
1002 1125 1069 1184 τοῑς
1081 1124 1119 1183 δὲ
1131 1120 1218 1185 ὀζοῑς
1232 1122 1375 1198 τραχέα-
1462 1108 1463 1114 ¹

282 1223 341 1286 Ale
364 1223 435 1287 Dat.
465 1243 581 1288 causae
609 1225 651 1287 ist
678 1223 883 1287 auizufassen
907 1223 1007 1302 1119,
1033 1224 1052 1285 2
1082 1220 1257 1300 ὀρθότερον
1277 1226 1294 1299 ὴ
1313 1223 1377 1284 Ἰδαία

282 1329 407 1408 (πεύκη)
419 1330 468 1390 καί
483 1331 567 1407 πρὸς
582 1329 706 1392 τούτοις
722 1328 972 1404 πιττωδέςτερον
989 1327 1074 1390 ὅλως
1089 1329 1126 1391 τὸ
1145 1327 1286 1405 δένδρον,
1297 1329 1379 1403 μελαν-

281 1430 358 1512 τέρᾳ
386 1434 422 1493 δέ
450 1434 537 1513 πίττῃ
566 1433 615 1494 καὶ
637 1432 814 1512 γλυκυτέρᾳ
847 1432 896 1493 καί
927 1432 1101 1512 λεπτοτέρᾳ
1132 1433 1181 1493 καὶ
1212 1428 1382 1506 εύωδεςτέρμ

283 1530 361 1595 ὅταν
386 1535 404 1614 ᾑ
429 1535 508 1611 ὠμὴ.

372 1636 451 1699 Dat.
485 1637 550 1700 des
579 1637 845 1720 Stendpunkis
879 1636 987 1699 iibiieh
1020 1636 1071 1699 bei
1096 1637 1241 1715 φανεράν
1269 1636 1321 1698 ἐςπ
1345 1633 1387 1695 wie

283 1739 330 1801 IV
354 1741 383 1820 8,
408 1742 424 1802 7
452 1741 652 1819 (υντρίψαντι
682 1736 826 1820 φανερόν
855 1741 913 1803 έςτι
942 1742 979 1803 τὸ
1009 1740 1295 1816 ςυνεςτραμμένον;
1322 1736 1392 1797 senet

282 1841 394 1906 finden
412 1844 472 1904 wir
486 1843 586 1906 noch:
607 1845 636 1924 α)
652 1844 723 1907 rein
740 1843 864 1923 άτδλίοίι,
881 1843 946 1906 bez.
966 1842 1103 1905 kenkret
1122 1843 1265 1919 κάλαμος
1282 1843 1394 1914 γίγνετο

283 1947 511 2024 ὑπερβάλλοντι
529 1949 587 2011 τὸν
606 1947 742 2025 Λίβανον
764 1949 875 2023 μεταξύ
893 1950 952 2009 τοῦ
971 1967 1005 2009 τε
1024 1944 1163 2023 Λιβάνου
1183 1944 1232 2007 IX
1251 1948 1279 2025 7,
1298 1948 1328 2019 1;
1346 1943 1399 2005 ένια

284 2048 535 2114 ἐξάποςτάςεως
552 2051 571 2125 ἢ
589 2051 722 2127 πληςίον
741 2048 884 2111 ἐλθούςιν
900 2041 1094 2125 εύοςμότερα
1115 2047 1148 2110 C.
1161 2048 1209 2110 VI
1225 2045 1402 2127 1ῖ,1;αῦτη

284 2152 313 2214 δ’
330 2152 388 2216 έςπ
411 2155 536 2227 γλυκεῖα
559 2155 743 2229 γενομένοις
766 2151 813 2214 IV
830 2153 859 2231 4,
877 2152 935 2229 10;
960 2150 992 2231 b)
1018 2170 1091 2213 vom
1120 2151 1281 2233 geistigen
1304 2147 1406 2214 seand-

283 2256 388 2338 punkt
403 2275 474 2319 aus:
494 2256 559 2319 ἐπεὶ
576 2255 645 2319 καθ’
663 2257 794 2320 ἕκαςτον
814 2256 1003 2332 λαμβάνοντι
1021 2259 1088 2317 τῶν
1108 2256 1298 2332 ςπερμάτων
1314 2254 1333 2329 ἢ
1351 2256 1408 2315 τῶν

282 2358 495 2437 περιεχόντων
512 2359 590 2422 ίδίον
608 2360 709 2438 άρχήν
726 2359 787 2438 ἔχει
804 2358 820 2420 Ι
835 2359 885 2438 11,
899 2359 933 2434 53
947 2360 1045 2420 τοῦτο
1058 2358 1120 2435 γάρ
1134 2358 1182 2434 εἴη
1195 2362 1262 2419 τιῐιν
1280 2360 1337 2433 μὲν
1349 2353 1412 2417 οἷον

283 2463 391 2541 πέρας,
412 2465 477 2524 τῶν
493 2460 523 2523 δ’
545 2462 625 2540 ἀρχή
648 2464 883 2541 μεταβαίνουςιν
904 2463 937 2524 ἐκ
957 2466 1022 2524 τῶν
1042 2459 1221 2539 αὐτοφυῶν
1242 2459 1286 2523 είς
1310 2459 1349 2521 τά
1368 2457 1415 2521 διὰ

283 2564 395 2641 τέχνης
421 2563 567 2644 01111,
586 2567 618 2640 13
643 2563 677 2626 ἐν
701 2565 825 2627 τούτοις
851 2561 921 2626 οὔθ’
944 2563 974 2625 αἱ
993 2563 1083 2626 αὐταὶ
1102 2563 1254 2638 δυνάμεις
1276 2560 1344 2624 οὔτ’
1364 2561 1418 2625 ἷςοι

283 2666 415 2730 πάντων
435 2667 528 2732 εὐθὺς
549 2668 614 2732 ἀπὸ
638 2671 704 2730 τιίιν
722 2667 818 2744 ῥιζῶν
839 2667 1026 2745 ἀρχομένοις
1046 2664 1080 2728 0.
1096 2664 1144 2727 VI
1168 2667 1218 2746 13,
1242 2667 1268 2727 l.

373 2768 453 2834 Dat.
483 2773 578 2833 stett
602 2772 673 2834 ύπά
702 2772 771 2832 mit
798 2768 901 2832 Gen.:
925 2772 1026 2832 τούτο
1049 2769 1179 2832 ἐςθίεται
1202 2773 1251 2850 τῷ
1274 2761 1421 2847 τερηδόνι

284 2872 314 2934 V
330 2873 360 2954 4,
376 2876 412 2950 4;
433 2874 497 2938 ἐπεὶ
517 2876 566 2937 καὶ
584 2875 792 2951 Ἐμπεδοκλεῖ
810 2876 893 2949 πρὸς
913 2876 978 2936 τοῖς
999 2871 1105 2936 ἄλλοις
1123 2873 1172 2934 καὶ
1188 2870 1279 2935 τοῦτ’
1296 2871 1421 2935 ἄτοπον

284 2978 364 3056 ὅπερ
389 2981 438 3041 καὶ
462 2980 496 3041 ἐν
521 2980 638 3055 ἑτέροις
662 2978 778 3056 εἴρηται
803 2977 835 3040 0.
852 2977 869 3039 Ι
886 2976 937 3056 22,
955 2976 983 3037 2.

372 3080 452 3145 Dat„
477 3081 538 3145 bei
563 3081 723 3144 Verben.
754 3080 1033 3144 Bemerkenswert
1050 3076 1105 3140 bei
1123 3080 1254 3153 διαιρεῖν
1277 3079 1357 3138 stett
1379 3075 1422 3139 είς

282 3206 326 3262 τις
350 3204 385 3248 es
408 3186 451 3247 ist
470 3184 538 3248 dies
557 3205 599 3247 zu
619 3185 789 3249 veretehen
808 3184 879 3246 ‘mit
897 3182 986 3246 Hilie
1005 3183 1095 3245 eines
1115 3179 1281 3262 Begriffes
1300 3178 1422 3259 teilen’‚

284 3289 345 3373 vgl.
369 3289 522 3370 1119,2;
547 3288 661 3352 ἐοίκαςι
686 3286 715 3350 δ’
731 3286 812 3366 ἅπερ
838 3286 926 3352 οὗτοι
951 3289 1123 3362 διαιρούςιν
1147 3279 1298 3361 ὀνόμαςιν
1324 3284 1422 3361 ἰδίοις,

283 3392 313 3455 οἱ
338 3390 428 3456 ἄλλοι
448 3395 575 3471 διαιρεῖν
594 3396 639 3473 τῷ
660 3390 768 3469 ἄρρενι
784 3393 834 3454 καὶ
850 3391 953 3468 θήλει;
974 3387 1118 3451 eusdem
1135 3385 1421 3468 entsprechenden

284 3488 432 3571 ὀνόμοςιν
457 3493 572 3557 erhellt
591 3493 734 3556 deutlich
754 3492 807 3557 die
825 3490 1072 3575 grammatisehe
1089 3489 1295 3571 Auiiessung
1315 3487 1423 3551 diffiee

283 3594 403 3660 Dativs.
435 3597 476 3661 So
497 3597 582 3660 noch
597 3598 637 3660 τὰ
656 3599 780 3660 πλεῑςτα
796 3598 968 3674 διαιρούςιν
985 3594 1097 3672 άρρηνι
1113 3595 1162 3655 καί
1178 3595 1265 3670 θήλει
1277 3592 1328 3654 ΠΙ
1343 3594 1373 3670 9,
1388 3595 1422 3667 13

283 3701 331 3763 IV
346 3702 400 3779 11,
423 3702 481 3779 133
511 3701 683 3777 διαιρετέον
707 3701 835 3777 ἡμέροις
859 3701 908 3761 καὶ
932 3698 1050 3774 ἀγρίοις
1073 3695 1214 3775 elle,
1234 3697 1285 3757 13.
1322 3695 1422 3759 Auch

284 3803 368 3867 heim
398 3803 584 3867 Substantiv
608 3804 768 3881 διαίρεςις;
801 3803 921 3878 μεγίςτη
951 3802 1094 3877 διαίρεςις
1117 3803 1183 3862 τοῖς
1210 3800 1343 3876 ἡμέροις
1371 3800 1422 3861 καὶ

284 3908 402 3986 ἀγρίοις
426 3906 459 3970 G.
476 3906 508 3969 ΙΙ
526 3908 555 3988 3,
573 3907 592 3968 6
608 3906 751 3986 (Aristot.
769 3905 824 3967 hat
846 3906 961 3967 immer
984 3902 1045 3983 είς).

373 4010 533 4092 Auffellig
559 4009 603 4071 ist
626 4008 684 4072 der
712 4007 860 4091 doppelte
883 4006 979 4070 Dativ
1008 4005 1091 4068 naeh
1120 4009 1253 4084 χρῆςθαι
1277 4004 1327 4067 IV
1344 4006 1379 4083 8,
1401 4008 1422 4067 4

283 4118 419 4191 χρῶνται
438 4117 502 4176 ταῖς
523 4112 617 4189 ῥίζαις
636 4112 676 4174 ού
697 4108 796 4190 μόνον
815 4116 860 4192 τῷ
879 4111 965 4173 κάειν
984 4111 1072 4190 (steti
1090 4108 1133 4172 είς
1152 4108 1189 4170 τὸ
1209 4106 1320 4186 κάειν),
1340 4107 1422 4170 ἀλλὰ

284 4220 401 4297 καὶτῷ
426 4216 516 4293 ςκεύη
541 4213 645 4299 [ἄλλα]
670 4218 785 4292 ποιεῖν,
808 4212 915 4296 gleieh
940 4210 1054 4274 darauf
1078 4211 1148 4292 §ez
1173 4215 1314 4288 χρῶνται
1338 4211 1423 4288 πρὸς
