3406 4786
169 107 315 178 Epistulae
329 107 486 164 amatoriae
499 107 641 180 quomodo
655 108 829 164 cohaereant
840 123 904 164 cnm
915 107 1012 178 elegiis
1022 107 1229 165 Alexandrinis.
1260 105 1299 166 77

170 280 362 345 clamatione
379 279 478 365 igitur
489 279 597 363 aliqua
612 298 693 344 usus
708 285 765 363 est,
780 299 877 362 quam
892 280 1047 344 memoria
1058 279 1195 346 tenebat
1219 280 1301 345 Nam

170 383 421 448 declamationes
444 402 486 448 ex
509 383 564 447 illa
580 381 746 449 comoedia
768 386 853 447 ortas
872 402 943 448 esse
962 385 1031 468 ipse
1048 382 1184 448 Ovidius
1203 386 1303 467 testie,

170 487 267 551 cuius
283 505 413 552 carmen
428 486 511 550 nihil
523 486 609 550 aliud
624 492 673 551 est
683 490 780 570 atque
792 487 1023 571 prosopopoeia
1034 487 1162 552 iuvenis
1174 488 1303 552 iracun-
1383 464 1407 488 ’¹

170 588 244 654 diae
267 607 346 652 suae
374 589 603 672 poenitentiam
628 590 759 673 agentis.
796 589 875 668 Quis
899 591 985 655 enim
1009 593 1066 672 est,
1093 590 1173 674 quin
1195 590 1304 656 videat

169 692 283 756 talium
300 691 481 757 orationum
497 693 626 777 egregia
641 693 790 776 exempla
804 692 888 759 hanc
902 693 1043 758 maxime
1057 691 1199 758 fabulam
1211 711 1304 776 prae-

171 795 306 860 buisse?
332 795 445 877 Itaque
461 795 490 859 si
504 796 669 860 rhetorum
686 795 837 880 discipuli
855 796 1015 878 iuvenem,
1032 796 1088 878 qui
1103 814 1161 878 per
1174 796 1303 860 iracun-

171 899 257 962 diam
280 897 420 982 puellam
441 897 586 980 laeserat,
608 897 814 963 introducere
836 898 994 981 volebant,
1014 898 1137 964 colores
1157 899 1303 964 11111111-

171 1001 331 1086 petebant
346 1001 433 1066 Hinc
444 1001 539 1066 facile
555 1000 743 1085 explicatur,
759 1003 864 1066 curin
876 1002 1041 1067 nonnullis
1057 1001 1155 1066 rebus
1167 1000 1304 1066 Ovidius

172 1102 393 1169 aMenandro
417 1103 593 1168 dissentiat.

262 1207 326 1272 Sed
353 1207 423 1291 ipsa
450 1207 531 1272 haec
558 1205 729 1273 Menandri
752 1207 862 1272 fabula
884 1206 925 1272 ad
947 1227 1027 1289 eam,
1057 1206 1143 1273 unde
1166 1206 1303 1292 digressi

172 1330 293 1392 sumus,
310 1310 530 1393 quaestionem
545 1329 604 1375 nos
619 1312 757 1392 revocat,
773 1311 943 1375 noveritne
958 1311 1181 1376 Aristaenetus
1195 1311 1303 1395 ipsum

173 1411 396 1478 Menandrum.
421 1413 601 1496 Epistulam
616 1412 633 1476 Ι
649 1413 691 1477 22
708 1412 805 1476 velim
821 1413 975 1498 inspicias
984 1415 1015 1496 ¹).
1042 1412 1181 1495 Glycera
1196 1432 1305 1478 amore

173 1516 311 1581 Charisii
329 1517 421 1600 perit,
441 1516 498 1599 qui
516 1517 586 1600 ipse
605 1517 667 1582 hoo
684 1517 767 1580 nihil
785 1535 899 1582 curare
918 1516 1055 1581 videtur.
1084 1516 1177 1581 Doris
1195 1517 1304 1601 igitur,

173 1620 331 1703 Glycerae
355 1619 479 1702 ancillo,
500 1618 646 1684 Charisio
669 1625 778 1685 narrat
801 1619 963 1684 dammam
986 1640 1078 1684 suam
1097 1620 1305 1685 Polemonem

173 1721 333 1805 quendam
358 1722 641 1787 vehementissime
664 1741 780 1804 amare,
800 1722 980 1787 Charisium
1000 1724 1107 1807 ipsum
1124 1723 1171 1787 ita
1189 1723 1304 1807 odisse,

172 1832 274 1890 utne
302 1844 421 1890 nomen
449 1824 581 1907 quidem
604 1826 675 1890 eius
698 1825 784 1889 ierre
806 1826 917 1909 possit.
950 1826 1064 1892 Statim
1086 1827 1305 1891 inflammatus

172 1927 302 1993 iuvenis
320 1929 551 2011 paenitentiam
567 1928 650 2012 agit:
671 1929 804 2011 quaerit,
825 1929 942 2012 quibus
961 1930 1059 1995 rebus
1078 1930 1208 1995 laeserit
1227 1929 1306 2012 Gly-

174 2051 297 2110 ceram;
322 2050 497 2115 agnoscere
521 2050 556 2096 se
572 2031 700 2114 culpam
715 2031 810 2109 dicit3
830 2032 893 2097 hoo
907 2052 1008 2097 unum
1026 2033 1065 2097 ab
1082 2032 1199 2099 ancilla
1216 2034 1304 2115 petit,

172 2142 210 2199 ut
229 2135 367 2199 facultas
386 2133 582 2218 deprecandi
600 2134 702 2199 detur.
725 2134 889 2200 Facultate
908 2135 982 2199 data
1001 2135 1041 2199 ad
1056 2154 1162 2219 genua
1178 2136 1305 2219 puellae

173 2237 294 2303 accidit
320 2256 496 2321 pacemque
523 2238 680 2320 impetrat.
713 2237 825 2302 Multis
853 2243 940 2302 certe
968 2239 1004 2301 in
1031 2238 1129 2304 rebus
1157 2239 1305 2323 epistolo-

173 2343 315 2427 graphus
338 2362 357 2405 a
375 2340 553 2406 Menandro
576 2339 707 2422 recedit,
730 2339 788 2405 sed
806 2360 1017 2424 personarum
1039 2343 1171 2406 nomina
1193 2340 1304 2407 eadem

173 2448 259 2528 sunt,
287 2444 422 2528 puellae,
450 2444 595 2526 ancillae,
624 2445 773 2507 amatoris
798 2442 947 2526 denique,
975 2445 1040 2508 nisi
1063 2444 1150 2528 quod
1172 2445 1306 2509 rivalem

174 2549 282 2633 potius
295 2548 479 2612 Polemonis
495 2548 625 2611 nomine
637 2547 801 2626 notaviu).
816 2547 966 2611 Imitatur
977 2548 1202 2612 Aristaenetus
1218 2547 1305 2612 illam

174 2670 334 2734 scaenam,
358 2670 440 2734 qnae
464 2651 660 2734 colloquium
681 2650 811 2715 Doridis
835 2670 910 2715 cum
928 2651 1102 2716 Polemone
1122 2650 1307 2716 continebat

173 2755 227 2839 (ei.
244 2753 345 2837 Oxyr.
360 2754 504 2838 Papyros
523 2754 556 2817 Π
578 2774 607 2837 p.
623 2755 662 2817 15
674 2773 720 2836 sq.
740 2758 773 2818 et
795 2774 824 2816 v.
840 2755 906 2818 398
917 2773 984 2837 sqq.
1005 2753 1053 2819 ed.
1070 2753 1208 2836 Koerte).
1238 2754 1305 2818 Iam

175 2858 204 2921 si
216 2857 392 2921 sententias
405 2856 476 2920 illas
487 2856 632 2940 respicis,
647 2875 726 2939 quas
737 2856 772 2919 in
784 2857 877 2920 initio
889 2857 987 2934 huius
998 2857 1189 2940 paragraphi
1200 2856 1306 2921 attuli-

174 2979 257 3040 mus,
267 2959 509 3024 Aristaenetum
520 2959 619 3042 probe
630 2958 801 3024 Menandri
812 2958 938 3023 fabulas
948 2960 1078 3024 novisse
1088 2980 1153 3023 non
1165 2959 1306 3043 negabis

270 3109 289 3176 ι)
306 3108 474 3163 Monstravit
493 3126 556 3164 eam
575 3126 634 3166 rem
652 3110 722 3165 mihi
740 3111 848 3180 primus
867 3110 1112 3166 Reitzensteinius.

267 3200 289 3267 ¹)
307 3197 397 3253 Etiam
410 3199 554 3268 epitheton
566 3200 635 3255 illud
646 3201 661 3253 ὁ
672 3200 807 3267 βδελυρός
819 3200 995 3256 comoediam
1005 3216 1106 3269 sapere
1116 3200 1184 3255 mihi
1195 3199 1306 3255 videtur

174 3287 470 3356 (11Περικειρομένηε
483 3289 647 3345 comoediae
659 3307 685 3344 v.
699 3291 733 3345 8:
752 3291 880 3357 (φοδρὸε
893 3290 1012 3357 {poento
1025 3294 1053 3344 et
1064 3306 1091 3345 v.
1102 3291 1152 3344 52:
1167 3289 1305 3359 εοβαρόε).

265 3377 475 3433 Aristaenetum
491 3378 605 3447 saepius
624 3380 739 3435 nomina
757 3379 871 3449 propria
890 3397 905 3433 e
925 3379 1078 3435 comoediis
1098 3378 1253 3448 sumpsisse
1272 3395 1307 3434 ex

175 3468 298 3539 epistula
317 3468 358 3522 16
376 3467 509 3537 cognosci
527 3473 634 3538 potest;
654 3486 710 3539 qua
728 3470 822 3539 puella
841 3469 981 3539 quaedam
993 3468 1096 3524 nutrici
1113 3472 1220 3537 narrat,
1239 3484 1307 3538 quo·

176 3557 262 3613 modo
274 3557 437 3628 virginitate
446 3557 557 3627 privata
570 3558 620 3626 sit;
634 3574 739 3614 nomen
751 3558 869 3614 nutricis
883 3559 1030 3626 Σωφρόνη
1044 3563 1088 3613 cst
1095 3577 1102 3626 ;
1115 3558 1190 3614 idem
1202 3574 1307 3614 nomen

176 3647 333 3704 nutricibus
351 3647 381 3702 in
397 3648 552 3703 comoediis
568 3652 618 3703 est.
650 3648 786 3704 Conleras
804 3649 1021 3715 Ἐπιτρέποντεε
1038 3647 1193 3715 Menandri,
1212 3648 1306 3702 Eunu·

176 3738 268 3805 chum,
284 3737 483 3793 Phormionem
496 3738 626 3793 Terentii.
651 3736 721 3793 Cum
734 3754 821 3808 supra
832 3755 859 3808 p.
870 3738 904 3794 67
917 3738 1167 3793 memoraverimus
1180 3738 1307 3792 rhetores

176 3833 207 3883 ut
219 3828 379 3896 exemplum
398 3826 580 3892 (εμνολογῑαε
598 3827 790 3883 narrationem
809 3827 934 3898 virginis,
954 3844 1026 3897 quae
1045 3843 1208 3897 compressa
1220 3830 1271 3896 est,
1291 3843 1308 3882 e

176 3917 325 3973 Menandri
343 3917 447 3972 fabulis
468 3918 600 3973 haustam
617 3917 754 3985 attulisse,
774 3918 893 3973 tortasse
912 3917 998 3973 etiam
1014 3917 1086 3973 haec
1103 3916 1225 3986 epistula
1242 3933 1308 3973 cum

177 4006 325 4063 comoedia
344 4007 438 4077 aliquo
457 4007 542 4064 modo
561 4007 701 4075 cohaeret,
720 4007 776 4063 nisi
795 4007 870 4077 quod
888 4007 952 4063 finis
970 4006 1087 4062 mimum
1098 4005 1189 4077 magis
1202 4006 1307 4078 resipit.
