3248 4910
354 307 398 370 92
779 313 814 367 Μ.
833 312 1056 382 Heinemann,

444 484 555 549 Restat
576 503 680 549 unum
706 483 805 567 idque
832 483 1079 568 frigidissimum
1102 483 1261 567 Agathiae
1290 483 1491 567 epigramma

355 587 486 652 Anthol.
501 587 567 652 Pal.
583 586 613 650 V
630 587 711 650 216:

464 719 498 783 Εί
522 721 644 802 φιλέειε,
670 721 709 798 μή
733 719 865 797 πάμπαν
888 719 1125 784 ὑποκλαεθέντα
1148 718 1303 801 χαλάεαχε

509 823 618 901 θυμὸν
641 822 806 901 ὀλιεθηρῆε
829 822 969 901 ἔμπλεον
992 822 1108 903 ἱκεείηε,

464 926 556 990 Ἀλλά
577 946 604 989 τι
628 926 678 989 καὶ
701 925 854 1004 φρονέοι(
878 928 1121 1006 (τεγανιίιτερον,
1145 923 1240 990 lictor
1264 922 1390 1002 ἐρύεεαι

508 1027 662 1107 ’Onchae
687 1027 780 1094 δεεον
803 1028 879 1093 ίδεῑν
903 1027 1052 1107 βλέμματι
1076 1029 1266 1110 φειδομένῳ.

458 1132 580 1210 Ἔργον
603 1131 663 1209 γάρ
687 1151 715 1195 τι
737 1131 877 1206 γυναιξὶν
900 1129 1117 1209 ὑπερφιάλου(
1139 1128 1291 1208 ἀθερίζειν

511 1235 566 1298 Καὶ
589 1233 833 1312 κατακαγχάζειν
855 1235 922 1297 τῶν
946 1231 1028 1308 ἄγαν
1051 1232 1274 1311 οίκτροτάτων.

466 1337 573 1402 Κείνοε
597 1335 626 1400 δ’
643 1335 723 1400 έετίν
747 1334 872 1416 ιίριετοε
896 1335 1055 1416 ἐρωτικόε,
1075 1336 1112 1400 ὃ(
1133 1335 1209 1400 τάδε
1233 1336 1309 1414 μίξει

510 1435 623 1504 Οἶκτον
647 1439 733 1520 ἔχων
756 1438 843 1522 ὀλίγῃ
867 1441 964 1510 ξανὸν
987 1438 1150 1521 ἀγηνορίῃ,
1220 1428 1222 1432 ’

358 1589 424 1654 quo
440 1569 495 1634 ille
510 1567 707 1653 praescribit,
724 1567 828 1651 qualis
845 1565 958 1632 debeat
976 1585 1048 1631 esse
1063 1569 1193 1631 amator.
1212 1565 1275 1632 Sed
1291 1585 1401 1649 neque
1417 1585 1489 1630 curn

359 1672 576 1738 Romanorum
606 1673 773 1755 poetarum
801 1671 912 1756 elegiis
941 1671 996 1735 illo
1027 1671 1188 1736 consentit
1214 1689 1322 1753 neque
1346 1673 1406 1752 est,
1434 1689 1491 1736 cur

358 1775 467 1840 omnia
484 1779 655 1859 praecepta
674 1778 825 1858 βιωφελῆ,
849 1795 930 1858 quae
949 1775 983 1838 in
1002 1775 1232 1840 recentissimis
1252 1775 1489 1859 epigrammatis

359 1877 580 1960 inveniuntur,
605 1896 645 1942 ex
670 1877 781 1961 elegiis
805 1877 948 1942 derivata
971 1878 1149 1943 credamus

450 1980 629 2064 Hucusque
652 1979 774 2045 nullam
797 1981 981 2046 invenimus
1005 1981 1188 2064 epistulam,
1212 1999 1294 2064 quae
1323 1999 1366 2045 ex
1391 1980 1490 2064 elegia

361 2083 582 2149 Alexandrina
605 2084 788 2148 necessario
812 2084 959 2148 videatur
981 2083 1167 2167 repetunda.

934 2263 963 2326 2.

451 2384 547 2449 Nunc
560 2384 713 2468 epistulas
724 2264 910 2448 Philostrat§i
921 2389 954 2448 et
962 2383 1158 2448 Aristaeneti
1171 2403 1244 2448 cum
1254 2383 1492 2467 epigrammatis
1605 2391 1606 2396 ’

362 2506 584 2572 comparemus
599 2489 632 2552 et
642 2505 808 2569 memores,
825 2486 903 2570 quid
915 2506 1012 2572 supra
1023 2489 1064 2570 (p.
1079 2489 1119 2550 69
1131 2506 1185 2569 sq,
1202 2489 1243 2550 71
1255 2489 1313 2568 sq.)
1326 2485 1367 2551 de
1379 2489 1493 2550 natura

362 2592 600 2676 epigrammatis
629 2592 845 2672 statuerimus,
874 2591 1068 2674 incipiamus
1097 2611 1116 2654 a
1140 2589 1326 2654 Philostrati
1357 2589 1493 2673 epistula
1605 2579 1606 2654 ί

362 2691 480 2780 2(30);
501 2695 662 2774 Πέπομφά
677 2714 726 2759 (οι
743 2697 902 2774 ετέφανον
919 2693 1093 2776 ῥόδων,οὐ
1110 2696 1143 2758 ct
1161 2697 1268 2775 τιμῶν,
1351 2692 1422 2756 ἀλλ’
1441 2693 1492 2756 aa
1605 2779 1606 2792 ¹

361 2800 427 2862 τοί(
456 2817 483 2860 τι
509 2797 713 2877 χαριζόμενοι
739 2801 803 2862 τοῖε
830 2796 951 2879 ῥόδοιε,
977 2797 1032 2862 ’ίνα
1062 2797 1102 2876 μή
1132 2801 1284 2878 μαρανθῇ.
1322 2793 1493 2872 Quacum

363 2897 501 2984 epistula
524 2900 671 2964 conferas
695 2900 931 2984 epigrammata,
954 2904 992 2964 ut
1014 2899 1144 2964 Anthol.
1165 2897 1232 2962 Pal.
1253 2897 1283 2960 V
1304 2898 1364 2961 91:

451 3028 573 3107 Πέμπω
597 3049 643 3093 cor
666 3030 772 3109 μύρον
795 3029 864 3112 ἡδύ,
888 3029 978 3112 μύρῳ
1001 3029 1154 3108 παρέχων
1178 3028 1277 3108 χάριν,
1302 3027 1342 3091 οὐ
1366 3028 1423 3091 cot.

499 3131 582 3210 Αὐτή
606 3131 668 3212 γὰρ
693 3133 813 3211 μυρίεω
836 3132 946 3196 καὶτὸ
970 3132 1072 3211 μύρον
1096 3131 1234 3195 δύναεαι.

364 3266 397 3328 et
412 3261 442 3324 V
456 3263 498 3326 90
514 3264 680 3346 poetarum
697 3262 902 3327 incertorum.
919 3261 1019 3327 Vides
1032 3261 1216 3328 Philostrati
1229 3263 1415 3346 epistolium
1430 3252 1495 3346 epi-

362 3385 508 3448 gramma
528 3383 599 3428 esse
620 3364 724 3428 soluta
744 3367 887 3431 oratione
906 3366 1133 3450 conscriptum,
1151 3367 1346 3450 epigramma
1362 3365 1493 3430 brevem

366 3467 535 3552 epistulam
548 3467 685 3532 disticho
698 3468 864 3533 inclusam.
880 3467 1009 3532 Talibus
1022 3468 1169 3552 epistulis
1182 3467 1390 3552 ermagoram
1403 3467 1494 3533 alios

365 3591 428 3654 que
452 3577 560 3655 poetas
584 3569 668 3636 dona
691 3589 787 3656 saepe
810 3575 997 3655 prosecutos
1026 3591 1096 3636 esse
1119 3591 1217 3656 supra
1240 3571 1390 3636 vidimus.
1423 3571 1493 3635 Non
1605 3613 1606 3656 3

364 3675 521 3738 miramur
542 3673 705 3738 rhetorem
727 3673 762 3736 in
786 3673 836 3738 his
860 3673 972 3739 eodem
996 3673 1068 3739 stilo
1092 3675 1149 3739 ut'n
1605 3667 1606 3688 ¹

454 3777 614 3860 Sequatur
629 3779 692 3840 iam
705 3776 891 3841 Philostrati
903 3777 1041 3861 epistula
1054 3779 1097 3840 54
1109 3779 1184 3860 (58χ
1201 3795 1284 3860 quae
1297 3795 1373 3841 cunr
1385 3775 1492 3840 Ovidii
1605 3801 1606 3830 ι

364 3880 470 3965 elegia
484 3883 566 3962 (Am.
579 3880 612 3944 Π
626 3881 679 3963 15)
691 3887 724 3945 et
735 3881 899 3945 nonnullis
911 3882 1149 3966 epigrammatis
1160 3880 1243 3945 bene
1256 3879 1419 3964 congruit;
1433 3899 1493 3963 qua

366 4003 410 4048 ex
425 4003 461 4048 re
481 3985 617 4049 fortasse
633 3985 829 4049 concluserit
848 3983 964 4068 aliquis
986 3983 1152 4069 exemplar
1172 4002 1342 4048 commune
1360 3983 1491 4067 elegiam

366 4085 621 4151 Alexandrinam
636 4087 745 4152 sarissa.
770 4089 1005 4172 Argumentum
1022 4085 1119 4151 huius'
1135 4085 1290 4170 epistulae
1310 4090 1343 4150 et
1360 4085 1493 4150 illorum

366 4189 546 4253 carminum
571 4191 631 4255 hoc
654 4193 717 4255 est:
749 4193 870 4254 amator
898 4190 1050 4256 amasiam
1074 4190 1168 4272 dono,
1198 4187 1285 4272 quod
1307 4187 1362 4254 ille
1390 4189 1492 4268 mittit,
