3406 4786
182 334 332 404 Epistulae
346 334 502 390 amatoriae
515 333 657 403 quomodo
671 333 842 388 cohaereant
855 349 919 387 cum
929 333 1026 403 elegiis
1035 332 1244 389 Alexandrinis.
1282 328 1323 391 35

184 504 420 587 Alexandrino,
438 509 476 569 ut
493 507 673 588 Auguste0,
691 504 844 589 epistulas
861 506 1063 588 amatorias¹)
1082 507 1322 571 exercitationis

185 629 287 674 causa
307 610 401 674 fictas
425 629 511 686 esse3
540 629 614 672 nam
634 616 745 693 poetas
768 608 925 691 elegiacos
944 608 1105 672 Romanos
1125 609 1323 674 Graecorum

187 712 338 796 epistulis
357 713 519 776 amatoriis
539 713 682 776 oratioue
702 712 806 776 soluta
829 712 957 795 scriptis
980 712 1222 795 exemplaribus
1245 733 1321 779 usos

186 834 261 881 esse
290 835 356 878 non
379 815 483 879 solum
507 834 550 879 ex
573 815 777 897 cognatione,
805 834 888 897 quae
916 814 1087 879 intercedit
1115 816 1199 879 inter
1221 821 1323 881 artem

185 919 384 983 rhetoricam
405 921 438 982 et
463 918 628 1001 poeticam,
653 916 828 983 sedetiam
849 937 890 981 ex
912 917 1037 981 duobus
1060 919 1214 1001 vestigiis
1240 939 1322 1002 quae

186 1021 284 1086 nobis
301 1025 420 1103 extant,
444 1020 595 1085 concludi
613 1025 725 1104 potest.
752 1019 905 1085 Refertur
928 1020 1015 1083 enirn
1039 1019 1124 1103 apud
1143 1019 1323 1086 Lucienum

187 1128 266 1206 (ver.
288 1125 360 1188 hist.
378 1124 411 1188 II
435 1126 485 1188 29.
507 1126 561 1204 35)
586 1125 731 1207 epistula
759 1143 855 1205 quam
879 1123 994 1187 Ulires
1019 1122 1322 1207 Calypsonimittit,

188 1227 277 1313 apud
308 1227 581 1311 Theophylactum
611 1229 815 1293 Simeoattam
838 1229 905 1309 (54)
930 1227 1046 1292 Medea
1069 1227 1176 1291 Iasoni
1204 1229 1325 1293 scribit.

188 1332 384 1396 Recentiora
408 1331 487 1395 haec
511 1330 658 1414 exempla
681 1329 778 1412 dices,
806 1330 862 1394 sed
891 1349 950 1413 ego
975 1329 1155 1394 Lucienum
1179 1333 1325 1395 veterum

190 1494 327 1548 toriorum
346 1493 511 1547 inventione
530 1498 558 1547 et
577 1493 647 1548 arte’
666 1509 691 1562 p.
705 1492 822 1562 32sqq.)
850 1492 1027 1561 Propertium
1050 1492 1080 1545 in
1099 1493 1228 1562 epistulis
1248 1510 1327 1548 ama·

189 1579 271 1633 toriis
284 1578 423 1647 fingendis
436 1577 528 1632 Ovidii
548 1579 720 1633 imitatorem
739 1578 826 1633 luisse
846 1578 1000 1632 contendit.
1021 1579 1124 1632 Doctus
1143 1579 1191 1633 ille
1210 1579 1253 1632 vir
1272 1580 1328 1634 tria

190 1667 358 1734 argumenta
376 1663 496 1732 profert:
522 1663 644 1732 primum
663 1680 727 1718 cum
745 1663 867 1732 epistula
886 1663 951 1717 ficta
970 1663 1007 1718 ad
1026 1663 1170 1718 rhetorum
1187 1666 1328 1734 pertineat

190 1748 419 1814 exercitationes,
438 1746 569 1802 Ovidium
594 1749 763 1819 potiusqui
782 1753 809 1803 et
829 1748 883 1802 arti
907 1748 1066 1803 rhetoricae
1091 1752 1119 1802 et
1138 1750 1234 1818 elegiis
1258 1751 1328 1804 scri·
1383 1776 1394 1799 2

189 1832 292 1887 hendis
312 1848 428 1902 operam
447 1832 564 1899 dederit,
585 1833 760 1888 inventorem
778 1833 879 1887 talium
899 1833 1084 1902 epistularum
1103 1833 1202 1900 luisse;
1226 1835 1328 1889 deinde

191 1918 290 1987 augeri
309 1918 383 1972 hanc
403 1918 602 1986 suspicionem,
622 1918 646 1972 si
670 1934 807 1988 personas
832 1918 978 1987 respicias,
1006 1935 1077 1987 quas
1101 1924 1217 1988 uterque
1242 1920 1328 1974 intro·

192 2003 278 2058 ducat
298 2007 397 2071 poeta;
424 2003 551 2057 rhetores
579 2004 654 2057 enim
681 2002 833 2073 praecipue
858 2020 995 2072 personas
1020 2019 1054 2056 ex
1079 2003 1203 2072 antiquis
1226 2004 1328 2059 fabulis

189 2089 311 2143 haustas
324 2088 353 2141 in
367 2093 541 2157 argumenta,
557 2104 630 2158 quae
642 2088 813 2156 tractabant,
828 2087 1034 2154 introduxisse;
1047 2088 1143 2157 itaque
1154 2089 1329 2158 Propertium

191 2179 390 2243 argumentum
409 2173 497 2228 evita
516 2174 661 2228 cotidiana
678 2174 815 2228 sumendo
835 2174 905 2227 fines
925 2172 1108 2242 epistularum
1127 2174 1329 2230 amatoriarum

190 2258 420 2328 amplificavisse.
445 2259 569 2314 Tertium
589 2263 667 2313 certo
687 2259 849 2313 testimonio
869 2259 922 2313 hoc
937 2258 1057 2327 probare
1077 2257 1207 2312 Ovidium
1226 2259 1327 2328 ipsum,

192 2345 240 2413 qui
261 2343 337 2398 dicat
356 2343 424 2412 (Art.
445 2343 535 2398 Amat.
556 2345 590 2398 lll
609 2344 738 2415 345sq.):

410 2441 458 2496 Vel
479 2441 529 2495 libi
554 2442 712 2511 composita
731 2445 860 2496 cantetur
880 2441 1002 2511 epistula
1022 2457 1108 2496 voce:

455 2528 582 2597 lgnotum
601 2528 655 2582 hoc
673 2527 737 2582 aliis
756 2527 804 2581 ille
828 2528 944 2581 novavit
964 2544 1043 2596 opus.

190 2625 255 2693 Sed,
267 2641 339 2695 quae
350 2626 442 2695 priore
455 2626 519 2680 loco
529 2626 623 2694 posuit
637 2625 677 2679 vir
691 2624 878 2692 doctissimus
890 2632 1055 2695 argumenta
1069 2625 1152 2680 facile
1164 2627 1327 2682 refutantur.

189 2713 289 2782 Neque
309 2712 385 2767 enim
404 2713 495 2766 solum
515 2713 640 2778 Ovidius,
661 2712 711 2767 sed
730 2712 817 2766 etiam
836 2712 999 2782 Propertius
1020 2718 1047 2767 et
1067 2713 1281 2782 elegiographus
1300 2717 1328 2767 et

192 2798 338 2857 rhetorum
357 2798 511 2866 discipulus
535 2803 587 2865 est,
606 2813 698 2867 neque
718 2798 820 2852 desunt
838 2798 1144 2867 praeexercitationum
1169 2798 1245 2867 apud
1264 2814 1328 2852 eum

192 2884 323 2953 exempla
336 2886 371 2953 (v.
386 2884 585 2949 Reitzenstein,
603 2883 819 2938 Hellenistische
831 2882 1146 2953 Wundererzahlungen
1165 2900 1190 2952 p.
1204 2883 1254 2937 167
1266 2887 1327 2952 sq).

190 2967 308 3035 Deinde,
322 2968 389 3037 quia
402 2968 529 3022 rhetores
543 2968 687 3022 orationes
700 2984 886 3037 personarum
900 2972 927 3022 et
941 2968 1084 3022 finitarum
1098 2972 1126 3022 et
1145 2968 1327 3034 infinitarum,

190 3070 263 3124 quas
282 3053 359 3107 ritae
382 3053 529 3120 debebant,
550 3053 742 3119 imitabantur,
766 3070 800 3107 ex
824 3053 963 3123 personis,
987 3069 1058 3122 quas
1082 3058 1183 3122 poetae
1210 3053 1328 3123 elegiaci

192 3139 351 3198 scribentes
365 3138 510 3206 inducunt,
524 3143 586 3192 uter
599 3139 675 3206 prior
692 3139 827 3207 epistulas
841 3138 1004 3204 coniecerit,
1023 3138 1116 3206 colligi
1133 3139 1248 3192 omnino
1270 3154 1328 3192 non

192 3227 294 3293 potest.
307 3223 407 3277 Restat
419 3223 596 3277 notissimum
610 3222 703 3278 Ovidii
717 3223 751 3278 de
766 3240 797 3277 se
810 3223 872 3293 ipso
885 3223 1077 3293 praeconium,
1088 3222 1162 3291 quod
1176 3228 1203 3276 et
1216 3223 1325 3292 priores

190 3311 237 3379 (ci.
257 3309 431 3364 Fridericum
453 3309 520 3375 Leo,
539 3310 685 3378 thtingor
704 3309 833 3364 Gelehrte
852 3308 994 3377 Anzeigen
1015 3308 1083 3362 1901
1108 3325 1133 3376 ρ.
1152 3308 1218 3375 323,
1242 3308 1325 3363 Peter

192 3394 210 3448 1.
224 3395 241 3448 l.
261 3411 287 3463 p.
303 3395 416 3464 189sq.)
436 3395 555 3449 diversis
574 3395 666 3449 modis
680 3395 855 3464 interpretati
875 3398 942 3448 sunt
961 3398 989 3447 et
1008 3393 1099 3459 nobis,
1119 3393 1143 3446 si
1162 3399 1239 3448 recte
1259 3410 1326 3463 pro-

191 3480 410 3551 sopopoeiarum
432 3483 564 3534 naturam
587 3481 776 3549 exposuimm,
800 3479 908 3534 nullam
930 3478 989 3532 iam
1014 3478 1105 3546 pariet
1124 3479 1322 3533 difficultatem.

193 3568 265 3623 Nam
284 3566 308 3620 si
327 3565 535 3633 προγύμναεμα
557 3565 627 3619 illud
650 3567 681 3619 in
704 3565 775 3619 duas
795 3565 876 3635 quasi
895 3564 1007 3633 species
1027 3563 1168 3629 dividitur,
1187 3580 1324 3633 prosopo-

192 3654 304 3723 poeiam
316 3652 425 3706 smitam
438 3656 465 3705 et
478 3650 625 3718 infinitam,
639 3651 686 3720 qui
700 3650 816 3705 alterius
829 3649 958 3719 exempla
971 3648 1078 3718 primus
1097 3654 1186 3703 metro
1200 3649 1325 3717 elegiaco

191 3738 361 3808 composuit,
389 3742 464 3793 certe
488 3737 631 3790 invenisse
657 3752 688 3790 se
711 3734 818 3804 aliquid
846 3734 939 3789 dicere
963 3733 1066 3803 potuit,
1097 3734 1208 3788 etiamsi
1237 3749 1325 3787 unum

192 3825 309 3880 alterius
322 3824 481 3892 exemplum
500 3823 557 3876 iam
576 3821 649 3876 alius
665 3819 786 3890 protulit.
807 3820 850 3874 An
867 3820 1019 3887 nescimus,
1040 3835 1125 3889 quam
1145 3818 1239 3888 cupidi
1258 3819 1325 3874 talis

192 3909 329 3979 gloriolae
347 3908 431 3962 huius
450 3907 554 3962 aetatis
572 3911 674 3976 poetae
693 3906 817 3961 fuerint?

287 3999 305 4066 ¹)
319 3996 455 4053 Conferas
468 3997 553 4052 etiam
566 3996 644 4051 locos
655 3995 747 4051 Ovidii
760 3996 835 4050 Artis
845 3995 1017 4060 Amatoriae,
1033 3994 1134 4064 quibus
1148 3994 1183 4048 de
1197 3994 1326 4063 epistulis

191 4083 339 4140 amatoriis
358 4085 443 4151 poeta
462 4080 575 4136 disserit
594 4081 616 4150 (l
628 4081 771 4136 437-468
791 4085 818 4134 et
835 4081 871 4134 lll
883 4079 1053 4150 ree-498);
1075 4078 1177 4147 quibus
1196 4078 1325 4133 versibus

191 4173 322 4226 amantes
341 4167 466 4222 studium
481 4167 617 4236 epistulas
630 4166 784 4221 amatorias
804 4164 945 4220 scribendi
959 4163 1109 4234 diligenter
1122 4164 1214 4218 colere
1228 4168 1324 4218 monet

191 4260 220 4311 et
239 4257 437 4324 argumentum
456 4255 483 4306 et
502 4252 598 4307 stilum
617 4253 718 4307 harum
738 4256 848 4307 tractat.

1180 4338 1198 4392 3
1204 4339 1218 4372 t!
