2894 4824
260 370 448 440 Quaestioncs
467 372 581 427 criticae
600 371 630 426 in
649 372 848 441 Aristophanis
866 373 984 429 tabulas.
1147 371 1189 432 99

69 544 164 609 1an
183 546 252 608 465
277 544 304 608 ῶ
329 547 460 623 βδελυρὲ
479 545 683 622 κάναίτχυντε
706 547 756 608 καὶ
773 548 910 624 τολμηρὲ
933 548 977 610 nl.
1002 546 1064 611 Sed
1083 546 1187 630 ipsum

68 651 213 714 comicum
234 648 263 712 ῶ
282 652 372 727 μιαρὲ
388 648 511 712 dixisse
528 648 666 711 arbitror
680 654 713 711 et
728 652 858 732 propter
876 669 904 712 v.
923 651 986 712 184
1006 658 1039 714 et
1060 656 1190 734 propter

66 773 87 816 ι.
102 755 173 835 362,
199 753 258 816 ubi
281 752 464 816 Mercurius
494 752 610 816 iterum
634 752 668 814 in
692 751 872 834 lbygaeum
901 752 1004 817 isdem
1028 753 1134 817 verbis
1162 755 1189 817 ῶ

63 859 141 933 μιαρέ
164 858 217 919 καὶ
241 858 381 933 τολμηρὲ
405 854 523 937 quibus
545 855 638 917 initio
662 874 691 917 v.
710 856 773 917 182
798 855 970 918 invehitur.
995 855 1067 918 Non
1090 858 1190 938 igitur

62 959 207 1023 mutanda
232 963 281 1022 ert
303 957 394 1022 codd.
418 960 584 1041 scriptura

142 1063 180 1125 ln
202 1082 232 1125 v.
251 1063 316 1125 368
334 1065 432 1139 τυρὸν
451 1061 603 1124 traditum
625 1067 674 1125 est
697 1061 730 1124 in
747 1061 815 1142 RV,
838 1064 942 1140 πυρὸν
961 1063 993 1125 in
1011 1063 1041 1137 S,
1068 1071 1189 1126 utrum·

61 1185 117 1247 qne
139 1168 185 1247 (u)
208 1168 313 1228 metro
337 1170 455 1247 aptum.
486 1163 675 1243 Videamus,
699 1166 806 1226 utrum
831 1164 1066 1229 substantivum
1090 1185 1188 1230 sensu

58 1268 228 1352 flagitetur.
264 1267 428 1349 lbygaeus
455 1267 559 1331 minas
587 1266 740 1331 Mercurii
768 1268 1004 1350 interpretatur,
1035 1270 1126 1351 quasi
1154 1271 1188 1332 in

58 1379 157 1436 castra
171 1370 448 1454 proficiscendum
459 1370 520 1432 sibi
535 1371 587 1451 sit,
599 1369 632 1432 id
645 1369 731 1452 quod
745 1371 774 1434 ei
786 1369 872 1434 idem
884 1377 933 1434 est
945 1376 1041 1454 atque
1054 1375 1188 1435 mortem

57 1473 150 1539 obire.
174 1473 228 1537 Ad
250 1472 370 1537 bellum
386 1479 492 1537 autem
509 1472 711 1555 profecturos
729 1473 850 1536 victum
866 1474 899 1536 in
916 1479 981 1537 tros
997 1474 1066 1538 dies
1078 1494 1188 1539 secum

55 1577 136 1642 ferre
153 1576 306 1641 debuisse
325 1595 368 1640 ex
384 1576 465 1639 Acb.
484 1578 545 1639 191
572 1579 622 1640 καὶ
640 1579 681 1654 μή
701 1576 847 1654 ’πιτηρεῑν
866 1577 928 1641 ειτί’
948 1579 1075 1656 ἡμερῶν
1093 1583 1189 1655 τριῶν
1267 1563 1274 1583 ’

57 1687 86 1743 et
99 1681 155 1744 Pc.
174 1680 241 1743 312
266 1678 383 1756 οὐγὰρ
403 1680 442 1756 ἠν
458 1679 591 1758 ἔχοντα(
606 1681 690 1758 ἥκειν
709 1679 773 1744 (ιτί’
789 1680 915 1758 ἡμερῶν
935 1684 1030 1758 τριῶν
1049 1685 1188 1763 apparet
1243 1673 1246 1682 '

58 1785 164 1866 Atque
188 1783 277 1864 quod
300 1782 471 1846 scholiasta
493 1784 527 1845 iu
551 1803 579 1846 v.
599 1787 707 1846 nostro
727 1782 919 1865 explicando
943 1782 1021 1846 dicit
1044 1783 1189 1847 homiues

53 1887 91 1950 ad
121 1886 271 1949 militiam
300 1887 501 1969 profecturos
532 1904 660 1949 caseum
692 1891 724 1948 et
750 1885 884 1948 farinam
914 1885 975 1948 sibi
1003 1905 1188 1968 comparare

58 1990 165 2052 solitos
189 2007 263 2052 esse
285 1995 318 2052 et
341 2007 468 2051 caseum
493 1988 594 2052 tuisse
618 1988 734 2068 cibum,
759 2008 853 2070 quem
879 1988 996 2053 milites
1019 1991 1053 2052 in
1077 1989 1189 2053 castris

59 2093 233 2173 sumebant,
257 2091 290 2154 id
314 2111 412 2154 versu
434 2093 519 2154 1129
544 2092 764 2171 confirmatur,
787 2092 821 2155 iu
846 2112 909 2174 quo
932 2093 1050 2156 chorus
1072 2091 1190 2174 gaudet

59 2203 86 2259 et
102 2196 254 2274 laetatur,
273 2195 359 2276 quod
376 2214 470 2259 caseo
491 2195 642 2258 liberatus
661 2195 704 2257 sit
718 2215 796 2279 pace
812 2195 975 2273 restituta;
992 2214 1092 2278 quare
1111 2198 1189 2278 quin

60 2297 150 2362 lectio
175 2297 236 2362 RV
261 2298 387 2361 sincera
409 2298 462 2378 sit,
487 2300 625 2361 nonest
652 2297 795 2361 dubium.
828 2297 941 2380 Neque
964 2298 1104 2361 alienum
1129 2299 1190 2363 erit

61 2399 107 2465 hic
131 2402 249 2482 attere,
274 2419 358 2482 quae
380 2400 558 2465 Roemerus
586 2402 618 2463 in
643 2400 731 2465 Stud.
755 2421 794 2463 zu
819 2399 872 2464 Ar.
894 2421 923 2484 p.
939 2403 999 2464 101
1029 2400 1069 2464 ad
1094 2401 1190 2465 verba

59 2505 151 2568 schol.
178 2503 239 2586 Vp.
261 2505 327 2567 909
357 2506 401 2568 ὡ(
427 2508 494 2566 τῶν
522 2505 639 2581 ἐρετῶν
664 2506 773 2567 δὲκαὶ
800 2509 927 2567 ναυτῶν
950 2507 1021 2583 περὶ
1047 2507 1188 2569 πλείετου

59 2609 256 2685 ποιουμένων
279 2608 336 2670 τὸν
360 2607 458 2685 τυρόν
482 2606 580 2670 dixit:
606 2606 694 2670 “Das
717 2608 760 2670 ist
783 2607 856 2670 lein
881 2608 984 2672 leerer
1003 2608 1109 2672 Wabu
1133 2608 1190 2672 der

59 2717 276 2793 scgenannten
303 2709 469 2773 semidocti
494 2711 640 2774 homines
668 2731 726 2774 aus
754 2711 826 2775 dem
851 2713 1024 2793 Altertum,
1048 2713 1189 2777 sondern

59 2814 105 2877 die
131 2813 297 2877 wirlrlicbe
317 2813 486 2877 Wahrbeit
509 2815 569 2877 wie
593 2814 662 2877 Pax
685 2815 769 2876 1129
798 2815 850 2895 (cf.
873 2815 1040 2897 Bliimner‚
1065 2817 1189 2880 Privat-

58 2917 152 2980 altert
174 2919 239 2980 228
259 2918 355 2980 Anm.
373 2919 405 2996 5)
429 2916 512 2980 lebrt
530 2917 597 2980 und
617 2917 769 2981 Plutarch
788 2917 836 2982 De
855 2919 933 3000 glor.
952 2920 1027 2983 Atb.
1048 2941 1074 2984 c.
1093 2922 1111 2982 6
1136 2920 1188 2983 be

58 3028 148 3104 zeugt
164 3024 214 3085 καὶ
230 3022 260 3084 οἱ
276 3023 459 3099 τριήραρχοι
474 3025 541 3085 τοῑ(
557 3022 739 3086 ἐλαύνουειν
756 3021 872 3101 ἄλφιτα
888 3026 1188 3101 παραεκευάεαντετ,

57 3121 140 3200 ὄψον
157 3127 207 3187 καὶ
222 3124 377 3203 κρόμμυα,
393 3125 490 3202 τυρὸν
507 3125 690 3203 ἐνεβίβαζον
706 3126 749 3188 εἰ(
763 3126 820 3188 τὰ(
835 3128 975 3204 τριήρεις.
1001 3113 1189 3209 Uberbaupt

58 3229 148 3310 spielt
170 3228 229 3292 der
252 3227 339 3291 Kese
366 3228 418 3291 bei
442 3228 499 3292 der
522 3228 658 3311 Meuage
683 3229 742 3291 der
765 3228 925 3292 Griecben
954 3231 1026 3293 eine
1053 3231 1187 3312 grbssere

58 3329 144 3396 Rolle
159 3332 206 3395 als
222 3350 322 3395 unsre
337 3330 555 3414 landluufigen
567 3331 788 3395 Haudbiicber
800 3331 881 3394 iiber
893 3332 1189 3397 Privatalterttimer

59 3453 115 3496 uus
137 3455 179 3497 au
203 3433 354 3498 erziiblen
378 3434 525 3498 wissen”.

144 3538 183 3600 V.
200 3540 266 3600 415
286 3538 385 3620 vulgo
404 3540 451 3602 sic
466 3538 600 3621 legitur:
621 3541 747 3602 καὶτοῦ
768 3540 884 3602 κύκλου
900 3542 1110 3617 παρέτρωγον
1131 3539 1187 3618 ὑφ’

58 3639 262 3718 ἁρμαπωλίαε.
282 3641 399 3705 Suidas
415 3662 472 3725 pro
487 3644 696 3720 παρέτρωγον
712 3644 866 3705 aoristum
881 3645 1082 3720 παρέτραγον
1098 3663 1188 3725 prae-

59 3740 113 3807 bet
138 3744 313 3827 Vulgatam
339 3746 529 3826 scripturam
557 3752 687 3828 propter
714 3764 866 3808 numeros
895 3745 973 3808 ferri
1002 3765 1065 3807 nou
1095 3765 1187 3828 posse

58 3845 246 3928 Blaydesius
280 3849 351 3912 iure
383 3847 558 3929 adnotavit,
592 3868 666 3911 curn
697 3848 885 3929 neutiquam
919 3847 1048 3911 delendi
1081 3852 1189 3930 posset

57 3952 210 4034 anapaesti
232 3949 403 4031 eiusmodi,
428 3951 540 4032 quiin
565 3950 697 4031 syllabis
721 3970 760 4015 ον
784 3950 840 4030 ὑφ’
857 3951 919 4028 ἁρμ
942 3951 1092 4030 occurrit,
1116 3957 1188 4032 post

56 4055 183 4134 primam
213 4053 375 4136 syllabam
403 4054 531 4132 incisio,
555 4054 623 4116 'nisi
652 4053 708 4116 ubi
736 4053 895 4116 vocabula
914 4053 985 4116 duo
1014 4059 1070 4116 aut
1097 4052 1189 4135 plura

55 4174 143 4220 sensu
160 4163 231 4221 arte
244 4157 497 4239 coniungantur.
514 4156 667 4220 Conferas
683 4156 781 4220 velim
793 4156 898 4236 etiam,
916 4175 997 4238 quae
1015 4156 1054 4218 ad
1071 4155 1131 4218 Nb.
1145 4157 1186 4218 62

55 4277 80 4340 ρ.
96 4263 134 4325 93
163 4261 328 4324 diximus.
365 4258 478 4341 Itaque
506 4259 545 4323 ab
570 4258 749 4324 editoribus
776 4278 815 4322 ex
846 4258 1065 4321 Antiatticista
1094 4260 1127 4319 in
1151 4258 1187 4330 B.

1024 4381 1058 4434 7*
