3248 4910
803 321 839 376 M.
858 320 1081 389 Remesiana,

520 491 612 558 Haeo
635 492 695 558 tibi
719 492 929 558 contulerunt
952 492 1103 558 caelestia
1124 511 1260 558 munera
1286 490 1375 574 divi,

573 595 666 660 Haeo
688 595 747 660 tibi
774 615 816 660 ne
839 599 974 662 matram
997 595 1081 661 forta
1104 594 1232 662 dedisse
1255 602 1375 680 putes,

372 717 405 776 et
427 711 626 777 Aristaeneti
648 712 718 777 11:
742 713 892 778 κάλλιςτα
919 715 956 778 δὲ
979 711 1112 778 πάντων
1134 711 1311 791 ἐκόςμηςεν
1338 712 1511 792 Ἀφροδίτη,

371 814 510 879 καὶτῶν
533 813 677 893 Χαρίτων
701 815 904 894 ςυνηρίθμηςε
930 819 977 898 τῷ
1002 820 1110 898 χορῷ·
1134 815 1153 878 ὁ
1177 818 1215 880 δὲ
1238 817 1394 894 χρυςοῦς
1410 811 1510 894 Ἔρως

371 917 534 984 ἐπαίδευες
550 919 610 995 τὴν
629 919 834 997 ποθουμένην
853 917 1011 998 εὐστόχως
1029 917 1218 986 ἑπιτοξεύειν
1235 922 1309 984 ταῖς
1329 922 1404 982 τῶν
1423 916 1512 996 oppa

371 1041 438 1086 των
463 1025 578 1104 βολαῖς,
602 1023 658 1086 aut
679 1021 840 1105 Propertii
862 1021 896 1085 H
912 1023 941 1104 3,
957 1023 1010 1086 43.
1027 1023 1086 1085 44:

524 1137 599 1202 Sive
622 1137 711 1201 illam
734 1137 891 1222 hesperiis
914 1139 984 1202 sive
1007 1137 1095 1202 illam
1118 1137 1267 1202 ostendet
1291 1139 1380 1220 eois,

579 1241 662 1306 Uret
684 1243 717 1306 et
740 1259 825 1324 eoos,
848 1243 923 1306 uret
945 1243 978 1306 et
999 1241 1174 1325 hesperios,

371 1359 404 1421 et
418 1355 616 1422 Aristaeneti
638 1357 730 1422 112:
754 1359 798 1424 ric
825 1355 889 1436 ἄρα
907 1358 1050 1422 τεθέαται
1067 1361 1123 1436 τῆς
1141 1359 1185 1423 ἕω
1209 1359 1249 1423 τὰ
1271 1359 1395 1440 κάλλη,
1418 1359 1463 1421 τίς
1480 1359 1511 1420 δὲ

369 1463 437 1525 ταῖς
460 1460 613 1539 ἑςπερίαις
637 1460 774 1539 ὡμίληκε
796 1461 950 1540 γυναιξίν;

461 1562 546 1628 Satis
571 1563 762 1648 exposuisse
785 1563 867 1627 mihi
884 1561 1004 1646 videor,
1028 1583 1124 1646 quam
1147 1569 1215 1628 arte
1240 1583 1321 1629 oum
1345 1565 1511 1630 rhetorum

370 1667 658 1732 exercitationibus
686 1668 880 1732 cohaereant
910 1665 1109 1732 Graecorum
1136 1666 1297 1750 epistulae
1327 1667 1508 1732 amatoriae.

370 1767 504 1853 Saepius
524 1769 587 1833 iam
608 1767 648 1833 ab
666 1769 732 1834 illis
750 1767 790 1834 ad
810 1769 946 1853 elegiam
964 1769 1182 1834 Romanorum
1200 1771 1427 1854 respeximus.
1454 1765 1509 1832 Sed

369 1889 453 1954 quae
477 1871 565 1936 inter
588 1871 670 1936 haec
698 1871 762 1936 duo
787 1891 907 1956 genera
930 1871 1137 1936 necessitudo
1164 1871 1361 1957 intercedat,
1393 1871 1507 1938 aiioiu

369 1973 474 2057 eapite
497 1972 684 2056 diligentius
707 1973 946 2058 explanandum
969 1973 1106 2040 videtur.
