2940 4792
166 105 292 174 Sprachl.
306 106 557 175 Untersuchungen
570 123 605 160 zu
618 106 807 175 Theophrasts
825 107 920 161 botan.
935 107 1080 161 Schriften.
1145 102 1187 164 83

44 279 90 341 τά
124 278 241 356 εὲλινα,
273 278 434 342 πάτταλον
466 277 672 355 κατακρούειν
701 280 810 355 ἡλίκον
841 277 881 342 ἂν
911 280 1059 357 βούληται
1087 283 1188 343 ποιεῖν

43 373 89 443 τὸ
113 382 255 456 εὲλινον;
282 380 463 461 O.1v1‚5
491 377 588 444 τὸδὲ
612 384 651 460 μή
677 383 828 445 δύναεθαι
852 385 956 458 τηρεῖν
984 383 1023 445 τὰ
1049 383 1124 460 γένη
1155 381 1189 445 ἐν

44 482 178 563 ἀμφοῖν
203 484 243 546 ἀν
268 485 333 562 ἔχοι
356 487 412 562 τήν
436 484 537 548 αἰτίαν
561 486 610 547 καὶ
636 487 682 565 τῷ
701 485 798 548 πλείω
824 484 945 563 χρόνον
967 481 1005 548 τὸ
1028 486 1106 548 κατὰ
1130 489 1188 561 γῆ(

46 588 184 662 μᾶλλον
196 591 453 663 κατακρατεῖτθαι
471 589 521 650 καὶ
537 587 583 670 τῷ
593 589 669 650 τοὺς
686 588 880 664 (ωματικοὺε
896 586 1011 661 ὄγκου(
1024 588 1188 651 ἀντιεπάν·

45 688 69 751 ὃ
96 692 183 762 γοῦν
212 690 261 751 καί
289 692 345 765 τῆ(
368 689 522 767 ἀκαρπία(
554 690 651 753 αἴτιον
677 692 725 752 καὶ
753 694 809 766 τῆε
838 692 1067 767 κακοκαρπῖαε;
1092 689 1125 752 C.
1143 689 1189 752 IV

46 794 82 872 5,
102 795 125 853 4
150 794 176 860 α’
200 797 239 870 μή
264 790 328 870 ἄρα
347 795 396 856 καὶ
412 796 511 856 τοῦτο
534 799 590 871 τῆε
614 798 739 874 τροφῆτ
763 793 867 876 ὄγκῳ·
885 796 967 871 φιλεῖ
982 796 1062 868 γοῦν
1080 794 1188 872 χώραν

47 894 200 972 ἀγαθήν;
218 897 279 974 9,1
301 895 430 959 ἐκείνοι(
448 898 670 974 χαλεπώτατα·
695 898 800 960 πολλὰ
820 899 902 970 γοῦν
919 895 1095 959 ἀπόλλυται
1115 915 1189 975 χορ-

47 999 211 1061 ταεθὲντα
223 1002 352 1077 πυρῶν,
370 998 403 1061 C.
415 999 460 1060 vl
473 1000 553 1076 10‚5
570 1005 615 1081 τῷ
632 1003 668 1064 δὲ
685 1001 835 1081 ἐρεβίνθιρ
852 1001 901 1062 καὶ
914 999 1029 1063 οἰκεῖον
1046 1002 1189 1077 φαίνεται

51 1104 107 1163 καὶ
131 1104 302 1179 χρήειμον·
327 1103 599 1167 ἀποπλυνθὲντων
623 1107 704 1177 γοῦν
729 1104 911 1166 ἀπόλλυται.

149 1206 197 1269 Ζιι
213 1205 275 1269 den
297 1207 315 1270 6
332 1206 517 1289 Beispielen
534 1227 595 1271 von
613 1208 708 1272 ἀλλὰ
726 1244 767 1252 -
784 1229 819 1282 γε
838 1208 882 1269 im
898 1206 1057 1269 Naehsatz
1075 1226 1135 1268 von
1156 1207 1189 1286 εἰ,

52 1308 111 1370 die
144 1307 263 1372 Mffller
293 1308 322 1372 S.
348 1311 390 1372 32
422 1309 545 1392 angibt,
575 1311 653 1393 fiige
682 1311 780 1373 hinzu
813 1309 846 1372 C.
872 1309 917 1372 IV
948 1310 979 1388 6,
1011 1310 1030 1371 2
1063 1312 1102 1386 μή
1130 1311 1189 1386 γὰρ

55 1415 215 1490 χωριεθὲν
231 1414 281 1474 καὶ
297 1413 322 1476 εἰ
339 1414 379 1490 μή
397 1414 531 1487 γίγνεται
548 1415 717 1494 εομπαθὲτ,
735 1411 806 1476 ἀλλ’
824 1412 1057 1489 ἐξαιρουμὲνων
1073 1432 1109 1487 γε
1124 1415 1190 1475 τῶν

55 1511 157 1590 ῥιζῶν
181 1514 348 1592 εοναίροιτ’
368 1514 447 1594 ἄνι’).
481 1514 546 1578 Fiir
570 1514 690 1593 ἀλλ’ἢ
711 1516 801 1578 fiihrt
819 1514 938 1577 Mffller
957 1515 976 1576 2
997 1514 1116 1578 Stellen
1141 1534 1190 1595 αα,

56 1635 107 1678 wo
128 1615 217 1679 diese
234 1616 397 1681 Pamkeln
413 1618 493 1681 zwei
509 1617 714 1682 Substantiva
731 1617 924 1692 vorbinden3
941 1617 1001 1678 wir
1020 1616 1123 1680 haben
1143 1618 1190 1680 sie

55 1716 136 1781 aber
151 1719 235 1782 auch
249 1719 280 1780 II
295 1720 322 1799 6,
340 1721 359 1780 5
377 1721 538 1784 zwischen
554 1722 633 1783 zwei
647 1720 790 1784 Verben:
809 1719 959 1797 οὐδεμίαν
975 1720 1189 1796 προεάγουτιν

57 1819 205 1898 ἑργατῖαν
230 1821 300 1884 ἀλλ’
325 1823 344 1900 ἢ
369 1824 631 1901 διακαθαίρουειν.

150 1927 189 1988 δέ
210 1925 254 1986 im
270 1924 439 2006 Naohsatz,
459 1924 631 2007 allerdings
649 1926 731 1989 nach
748 1926 839 1989 einer
856 1925 1063 1988 Parenthese:
1085 1925 1190 2006 V4‚8

59 2033 123 2090 τῶν
144 2027 174 2090 δ’
191 2027 359 2105 ὁμογενῶν
379 2030 484 2094 ξύλων
504 2027 583 2092 ὅταν
601 2031 828 2107 ταριχεύωνται
848 2065 892 2075 -
911 2030 1110 2107 ταριχεύουτι
1130 2030 1189 2106 γὰρ

59 2132 118 2194 οὐκ
135 2133 170 2193 ἐν
187 2130 243 2212 ῖαμ
261 2131 346 2208 βάθει
363 2131 466 2195 πάντα
482 2130 612 2196 δύοντεε
627 2137 682 2209 τῆτ
699 2131 864 2212 Θαλάττης,
885 2132 967 2195 ἀλλά
984 2132 1022 2194 τὰ
1039 2134 1095 2208 μὲν
1111 2126 1191 2209 πρὸ(

59 2236 135 2316 αὐτῇ
152 2241 189 2317 τῇ
203 2241 250 2316 γῇ,
266 2237 305 2299 τὰ
317 2239 352 2298 δὲ
370 2229 479 2314 μικρὸν
495 2237 656 2318 ἀνωτέρω,
674 2238 712 2299 τὰ
728 2236 757 2299 δ’
771 2238 806 2299 ἐν
819 2238 940 2300 πλείονι
958 2237 1045 2313 βάθει
1059 2273 1100 2281 -
1113 2237 1191 2300 πάν-

59 2357 123 2400 των
147 2341 188 2400 δὲ
211 2339 250 2401 τὰ
273 2334 353 2416 πρὸ(
376 2341 433 2416 τὴν
458 2338 544 2415 ῥίζαν
569 2343 686 2402 θᾶττον
711 2341 824 2402 δύεται.

149 2442 207 2503 καὶ
231 2478 275 2488 -
299 2442 338 2504 δέ
366 2442 427 2521 (καί
452 2440 537 2504 heim
562 2446 678 2522 ersten,
710 2445 745 2506 δέ
774 2441 858 2505 heim
888 2443 1023 2505 zweiten
1049 2442 1189 2523 Gliede);

60 2542 224 2624 (11122
254 2545 445 2622 ἀποβλητικά
474 2549 509 2608 δὲ
539 2544 671 2622 μάλιετα
698 2548 764 2608 τῶν
794 2549 924 2622 καρπῶν
952 2546 1024 2623 πρὶν
1053 2549 1190 2608 πεπᾶναι

61 2650 133 2722 ωκῆ
151 2649 201 2709 καὶ
214 2651 318 2725 φοῖνιξ
330 2649 379 2710 καὶ
392 2645 567 2726 ἀμυγδαλῆ,
585 2650 642 2710 καὶ
660 2649 710 2710 διὰ
725 2650 783 2724 τὴν
800 2648 1000 2725 ἐναπόληψιν
1014 2648 1189 2725 ὑγρότητος

60 2748 91 2810 τὲ
106 2769 193 2812 τινα(
214 2752 264 2812 καὶ
285 2749 463 2828 πνεύματοε
480 2750 584 2827 ὥοπερ
607 2755 701 2831 ευκαῖ,
720 2753 759 2814 τὰ
780 2755 820 2814 δὲ
841 2754 887 2834 τῷ
901 2753 959 2827 τήν
980 2751 1189 2828 προεάρτηειν

60 2850 140 2928 ἔχειν
157 2852 282 2931 ἀεθενῆ,
301 2853 376 2916 τοὺ(
399 2852 428 2915 δ’
450 2851 545 2916 ὄζουε
566 2855 688 2930 μείζουε
711 2855 816 2930 ῶτπερ
839 2858 857 2930 ἡ
878 2855 1050 2931 ἀμυγδαλῆ.
1083 2852 1189 2915 Merk-

61 2954 319 3036 wiirdigerweise
340 2955 383 3017 ist
403 2954 491 3019 diese
511 2955 608 3019 Stella
624 2955 743 3019 Miiller
764 2959 955 3039 entgangen.
996 2955 1082 3018 CVI
1100 2957 1151 3034 20,
1170 2959 1187 3017 3

60 3055 99 3119 ist
113 3077 156 3119 zu
168 3057 353 3120 schreiben:
376 3057 561 3122 ἀπαιτοῡειν
575 3059 652 3122 ῶετε
669 3060 905 3136 ἀναμείγνυτθαι
928 3062 1001 3136 μήτε
1019 3059 1189 3121 κωλύεεθαι

63 3160 131 3237 μηδ’
149 3160 207 3239 ὑφ’
224 3161 307 3241 ἑνόε,
326 3181 375 3222 wo
392 3161 550 3224 Wimmer
567 3161 621 3223 fiir
640 3161 712 3238 μηδ’
729 3161 895 3225 ίίίίεολιίίοίι
917 3161 988 3239 μήθ’
1006 3161 1066 3223 hat.
1102 3147 1190 3223 Uber

62 3259 110 3326 die
130 3262 343 3345 Verbindung
367 3262 535 3328 οὔτε-οὐδέ
564 3283 587 3326 s.
607 3263 858 3328 Kiihner-Gerth
883 3265 923 3345 Π,
948 3264 976 3328 S.
995 3264 1059 3325 290
1070 3283 1098 3345 g.

149 3366 219 3444 οὐχ
244 3367 299 3431 ὅτι
326 3404 365 3415 -
392 3368 471 3431 ἀλλὰ
495 3369 545 3430 καί
576 3367 620 3429 im
644 3366 743 3430 Sinne
771 3387 831 3430 von
856 3387 922 3430 non
946 3366 1040 3429 modo
1065 3364 1188 3429 -sed

62 3470 164 3547 etiam,
188 3469 240 3533 bei
264 3469 447 3553 folgenden]
472 3470 641 3552 negativen
667 3469 760 3534 Glied
789 3500 823 3522 =
852 3488 918 3533 non
942 3468 1035 3532 modo
1060 3489 1124 3531 non
1145 3505 1188 3514 —

62 3571 125 3650 sed,
154 3573 283 3638 wendet
309 3569 506 3656 'Pneophrast
538 3573 716 3655 regelrecht
746 3594 795 3635 an.
835 3572 931 3635 Indes
963 3573 1005 3634 ist
1037 3592 1076 3634 an
1110 3573 1189 3635 zwei

152 3747 171 3813 ¹)
197 3745 266 3800 Eine
285 3762 342 3799 von
361 3746 416 3800 den
435 3746 623 3800 Mfillerschen
641 3748 756 3815 Stellen‚
776 3762 820 3798 wo
840 3746 910 3798 ἀλλά
929 3746 1001 3798 ohne
1020 3762 1051 3809 γε
1070 3744 1145 3799 nach
1165 3744 1189 3798 εί

62 3828 152 3898 folgen
165 3829 228 3899 soll,
242 3831 340 3899 gehbrt
352 3831 430 3885 nicht
443 3831 569 3885 hierher:
584 3831 612 3884 C.
627 3832 649 3885 11
663 3832 705 3900 17,
719 3830 772 3884 bel
781 3832 835 3896 γὰρ
847 3831 883 3897 ἢν
894 3832 923 3883 ἐκ
937 3833 1098 3896 διαφθορᾶς
1110 3845 1188 3882 τινα(

61 3917 210 3983 ἡγένετιτ,
234 3916 321 3979 λόγον
340 3919 403 3969 τινὰ
421 3915 505 3984 εῖχεν,
531 3917 590 3969 ἀλλ’
605 3917 657 3969 οὐκ
676 3918 761 3982 ἐετιν,
785 3916 846 3969 hier
865 3915 980 3984 beginnt
996 3914 1027 3982 ja
1050 3915 1119 3968 ἀλλά
1139 3932 1188 3984 gar

61 4001 135 4055 nicht
153 4001 209 4054 den
222 4000 363 4054 Nachsalz
377 4018 412 4054 zu
426 4001 448 4054 εἰ
463 4031 494 4040 -
509 4003 627 4067 γένεαε;
642 3992 697 4054 ινῖι
711 4001 802 4056 haben
816 4000 865 4054 ihn
880 4001 908 4053 in
921 4001 1009 4064 λόγον
1021 4001 1084 4052 τινὰ
1103 3999 1187 4066 εἶχεν.

1028 4110 1061 4162 6*
