3248 4910
375 394 419 457 42
803 403 838 457 ld.
858 403 1083 472 Heinemann,

375 572 491 656 Neque
516 575 601 638 eninr
630 575 776 658 singulae
804 577 990 658 sententiae,
1019 575 1076 640 sed
1105 577 1200 641 etiam
1228 576 1390 641 nonnulla
1419 595 1509 660 argu-

374 683 483 740 menta
511 677 550 741 ab
574 678 772 762 Alciphrone
800 698 841 742 ex
871 678 1044 744 comoediis
1068 680 1182 744 hausta
1209 682 1295 744 sunt.
1334 679 1421 744 (lum
1449 681 1508 742 iarn

375 779 531 844 Ernestus
559 779 694 864 Seiler1)
722 784 754 846 et
777 781 989 866 wolfgangus
1013 782 1228 865 Volkmann2)
1255 783 1359 866 locos,
1393 782 1510 866 quibus

375 883 532 967 epistulae
561 886 594 948 et
617 885 802 949 comoediae
830 885 916 949 inter
939 903 974 950 se
998 887 1213 967 consentiunt,
1242 887 1510 970 comparaverint,

374 1006 476 1050 unum
500 987 682 1070 exemplum
708 988 825 1052 afferre
850 988 927 1051 satis
950 1007 1021 1052 esse
1044 989 1181 1054 ridetur.
1211 989 1250 1052 In
1274 988 1386 1054 Plauti
1411 988 1510 1052 Pseu·

374 1088 439 1154 doli
467 1109 496 1153 ν.
519 1091 584 1153 274
594 1110 661 1172 sqq.
671 1092 697 1173 Ι)
717 1090 745 1174 (I
766 1092 795 1172 3,
816 1092 858 1155 40
870 1095 949 1174 sqq.)
976 1091 1079 1157 Ballio
1106 1092 1180 1157 leno
1204 1091 1407 1156 callidorum
1437 1110 1511 1155 con-

373 1193 546 1258 suetudine
575 1199 698 1258 amatae
727 1195 907 1258 meretricis
938 1193 1061 1260 diutitm
1091 1197 1140 1259 uti
1168 1197 1261 1260 vetat
1300 1195 1413 1260 Isdem
1444 1195 1511 1259 fere

373 1297 481 1362 verbis
501 1298 536 1360 in
552 1297 758 1380 Alciphronis
778 1297 855 1361 136
876 1297 934 1380 (IV
952 1299 971 1361 9
989 1297 1072 1378 Seni
1092 1297 1211 1380 Petala,
1231 1317 1328 1362 avara
1343 1297 1511 1378 meretrix,

374 1400 590 1482 Simalionem,
613 1419 788 1484 pauperem
812 1407 994 1484 amatorem,
1018 1403 1074 1483 qui
1098 1401 1168 1466 loeo
1188 1400 1348 1466 donorum
1366 1399 1510 1485 splendi-

373 1503 488 1568 dorum
515 1523 603 1568 rosas
632 1503 717 1568 solas
746 1504 776 1568 ei
799 1504 900 1584 misit,
931 1525 1125 1588 quamquam
1148 1503 1257 1570 dolore
1281 1505 1425 1570 affectus
1449 1511 1510 1585 est,

372 1607 525 1671 excludit.
556 1606 629 1671 Non
649 1605 753 1670 solurn
773 1607 983 1688 conditiones,
1002 1609 1036 1670 in
1056 1606 1174 1690 quibus
1192 1607 1420 1673 adulescentes
1440 1625 1510 1672 ver-

372 1715 492 1792 santur,
516 1708 645 1774 eaedem
666 1715 750 1792 sunt,
774 1709 947 1774 sedetiam
965 1710 1173 1795 Aleiphronis
1192 1711 1332 1794 epistula
1350 1715 1385 1776 et
1407 1711 1511 1776 Pseu-

372 1812 436 1877 doli
460 1832 574 1878 versus
597 1812 706 1877 multis
734 1813 870 1896 singulis
893 1815 1096 1898 sententiis⁴=)
1118 1815 1203 1880 inter
1225 1833 1261 1880 se
1290 1815 1509 1880 consentiunt.

372 1964 549 2032 adulescens,
568 1965 615 2034 qui
628 1963 758 2018 militiam
773 1963 960 2034 agriculturae
973 1965 1097 2034 praefert
1113 1965 1158 2034 (ΙΙΙ
1173 1965 1213 2020 16.
1231 1965 1254 2020 ll
1269 1965 1304 2020 13
1317 1963 1404 2034 Sch.),
1423 1964 1508 2019 Thra·

371 2049 486 2104 sonides
506 2051 593 2118 audit,
612 2050 685 2105 sicut
704 2049 811 2104 Thraso
830 2049 1017 2104 Terentianus
1035 2049 1082 2106 ille
1101 2051 1190 2105 miles.
1210 2051 1415 2118 Parasitorum,
1436 2065 1509 2120 qnae

370 2134 400 2188 in
419 2135 567 2190 comoedia
585 2135 705 2202 fuerunt,
725 2135 850 2204 epitheta
862 2139 952 2190 mutat
971 2135 1001 2190 in
1014 2136 1131 2190 nomina
1143 2136 1258 2206 propria
1277 2135 1406 2205 (Sondag
1424 2153 1452 2205 p.
1465 2133 1508 2189 89.

370 2220 423 2288 90).
453 2221 484 2274 ln
504 2221 708 2290 componendis
727 2220 889 2274 nominibus
912 2236 998 2289 saepe
1018 2227 1147 2276 versatus
1167 2227 1218 2288 est,
1244 2221 1320 2276 sicut
1344 2220 1507 2276 comoedic-

370 2305 467 2374 graphi
488 2305 613 2374 (Scholia
636 2306 667 2360 in
689 2305 816 2374 Dionysii
835 2304 952 2359 Thracis
977 2309 1066 2360 artem
1090 2305 1304 2376 grammaticam
1329 2306 1372 2361 ed.
1392 2305 1507 2375 Hilgard

369 2406 394 2458 p.
410 2390 471 2456 149,
484 2391 532 2444 27:
551 2389 596 2444 καὶ
609 2391 681 2444 ἔετιν
696 2391 735 2444 ὼε
749 2389 794 2444 ἐπὶ
806 2392 840 2444 τὸ
856 2392 986 2445 πλεῖετον
999 2391 1016 2457 ἡ
1031 2391 1152 2446 εύνθεειε
1165 2391 1258 2446 ἐκδύο
1272 2392 1387 2460 λέξεων,
1400 2392 1506 2455 γίνεται

369 2476 402 2528 δὲ
412 2475 456 2528 καὶ
467 2475 497 2528 ἐκ
510 2480 609 2542 τριῶν,
623 2477 663 2530 ὼε
673 2477 926 2544 δυεαριετοτόκεω,
937 2479 1015 2543 παρὰ
1028 2477 1128 2530 δὲτοῑε
1141 2493 1182 2529 κω
1187 2478 1277 2541 μικοῑε
1290 2477 1373 2531 arnt
1393 2475 1507 2544 δομοις

369 2561 456 2630 ρ.91).
471 2561 587 2631 Singula
601 2565 697 2616 tamen
710 2560 827 2616 nomina
841 2565 935 2616 utrum
948 2561 1017 2631 ipsis
1027 2560 1180 2616 comoediis
1193 2560 1298 2616 debeat
1310 2577 1411 2628 necne,
1423 2575 1506 2616 nemo

369 2645 543 2701 diiudicabit.
570 2647 746 2701 Meretricum
760 2647 878 2702 nomina
891 2647 1076 2702 celeberrima
1088 2651 1164 2701 certe
1180 2663 1239 2702 non
1258 2663 1294 2702 ex
1312 2647 1368 2701 illis
1386 2645 1505 2716 repetiit

462 2731 481 2801 ι)
507 2731 576 2787 Vide
604 2733 665 2786 eius
690 2731 890 2787 adnotationes
917 2731 953 2786 ad
972 2731 1149 2800 Alciphronis
1175 2733 1321 2800 epistulas,
1348 2749 1421 2803 quas
1446 2733 1505 2800 ipse

369 2816 457 2872 edidit
475 2817 641 2887 Lips.1856.

458 2903 479 2971 ²)
499 2901 539 2957 Cf.
547 2901 1190 2972 WollgangVolkmnnm'StudiaAlciphronea’,
1199 2901 1349 2957 Vratislar.
1358 2901 1439 2957 1886.
1454 2901 1504 2970 Qui

368 2994 464 3040 tamen
483 2987 594 3056 longius
614 2987 745 3056 progredi
764 2986 906 3042 interdurn
925 2985 994 3041 mihi
1013 2986 1130 3041 ridetur.
1151 2985 1296 3052 Conferas,
1316 2987 1341 3041 si
1360 2988 1434 3042 tanti
1455 2991 1503 3050 est,

367 3071 460 3126 locum
471 3071 650 3141 Alciphronis
664 3073 675 3125 l
689 3073 720 3126 11
732 3073 753 3140 (Ι
765 3071 800 3125 rt
812 3071 892 3140 Son),
906 3073 935 3125 2:
952 3071 979 3125 τί
993 3071 1054 3138 oea,
1068 3073 1091 3126 dr
1107 3073 1235 3140 βέλτιετε,
1250 3075 1383 3139 δρωμεν;
1398 3075 1503 3139 φεύγο-

370 3171 420 3221 μεν
440 3157 457 3222 1)
480 3157 616 3224 μένομεν;
642 3173 724 3227 quem
744 3163 858 3226 propter
879 3157 971 3212 Plauti
994 3157 1024 3212 in
1044 3157 1212 3213 Curculione
1231 3159 1277 3227 (lV
1293 3158 1320 3226 4,
1337 3157 1384 3227 33)
1402 3157 1502 3212 rerba:

367 3241 450 3310 'quid
470 3257 521 3310 ego
534 3242 658 3296 inciam?
678 3258 810 3298 maneam
823 3257 860 3296 an
874 3243 1010 3296 abeami’
1028 3259 1044 3297 e
1064 3241 1211 3297 comoedia
1228 3244 1331 3311 repetit
1344 3243 1502 3298 Volkmann

366 3325 403 3395 (p.
417 3325 469 3395 29).
500 3327 665 3382 Confirmari
685 3328 806 3382 sortasse
825 3327 936 3382 videtur
954 3327 1095 3382 sententia
1113 3327 1259 3396 Eupolidis
1278 3327 1380 3382 cornici
1399 3327 1501 3392 verbis,

366 3427 439 3480 quae
463 3427 553 3481 nuper
577 3417 676 3467 contra
705 3411 804 3467 Kockii
831 3411 1009 3482 suspiciones
1034 3411 1223 3480 (comicorum
1245 3413 1403 3468 Atticorum
1431 3414 1501 3482 trag·

365 3499 462 3550 menta
480 3497 534 3549 vol.
555 3497 566 3550 l
586 3513 612 3565 p.
626 3496 679 3550 342
699 3497 796 3566 fragm.
814 3496 878 3566 311)
898 3496 1023 3550 defendit
1041 3496 1279 3552 Reitzensteinius
1301 3499 1378 3567 t‘Der
1392 3497 1503 3566 Aniene

366 3581 416 3635 des
433 3581 555 3635 Lexicon
575 3581 625 3636 des
643 3581 778 3646 Plotius,
797 3581 910 3651 Leipzig
924 3581 1002 3648 1907,
1026 3597 1051 3651 p.
1065 3581 1125 3636 XIX
1133 3581 1198 3652 sq.):
1223 3583 1239 3635 ὁ
1261 3584 1314 3646 μὲν
1332 3585 1389 3650 γὰρ
1408 3585 1501 3648 λέγων

367 3665 553 3732 φεύγωμεν
574 3665 742 3733 ἀναπτεροῖ,
769 3667 785 3719 ὁ
806 3667 838 3719 δὲ
863 3667 1020 3732 μένωμεν
1044 3665 1141 3720 πείθει.
1172 3667 1201 3722 81
1223 3671 1319 3722 tamen
1342 3667 1501 3738 respexeris

366 3751 452 3806 etiarn
465 3751 597 3805 Rufinum
610 3751 733 3820 (Anthol.
747 3751 805 3805 Pal.
819 3750 841 3806 V
854 3751 898 3818 75,
911 3751 938 3820 6)
958 3751 1077 3806 eandem
1090 3751 1214 3821 prolerre
1227 3753 1401 3807 sententiam
1419 3752 1500 3822 ipsis-

365 3837 466 3905 quein
486 3835 595 3891 verbis:
626 3837 697 3890 ὥετε
722 3835 749 3889 τί
771 3840 911 3900 ποιοῦμεν
919 3855 925 3904 ;
956 3837 1101 3903 φεύγομεν
1127 3837 1144 3903 ἢ
1168 3838 1302 3904 paveam
1329 3837 1447 3907 propius
1465 3835 1500 3894 ad

365 3922 562 3990 Alciphronem
573 3923 717 3990 accedere,
731 3923 788 3977 iarn
801 3921 908 3990 opinor,
919 3937 1029 3976 mecum
1044 3921 1140 3988 iacies,
1154 3921 1201 3992 qui
1215 3921 1308 3976 locum
1323 3938 1338 3976 e
1352 3922 1501 3978 comoedia

364 4005 483 4075 petitum
501 4023 582 4076 nego.

455 4089 476 4160 Ι)
495 4091 653 4146 Volkmann
673 4091 689 4145 l.
704 4091 721 4146 l.
741 4109 767 4162 p.
782 4089 824 4144 21.

455 4174 477 4243 ⁴)
495 4175 535 4229 Cf.
548 4176 640 4231 Plauti
657 4177 787 4232 Pseudoli
806 4193 832 4229 v.
846 4175 913 4229 274:
934 4175 1083 4243 ‘Misereat
1102 4176 1126 4230 si
1143 4175 1278 4232 familiam
1297 4175 1376 4232 alere
1393 4177 1499 4247 possim

363 4257 572 4314 misericordia’
592 4265 619 4316 et
637 4260 816 4332 Alciphronis
840 4259 904 4314 136
926 4260 969 4330 (IV
988 4261 1006 4315 9
1024 4259 1107 4332 Sch.),
1128 4261 1158 4316 1:
1187 4261 1351 4328 ἐβουλόμην
1373 4263 1425 4328 μὲν
1444 4263 1499 4316 ὑπὸ

364 4343 498 4409 δακρύων
518 4343 609 4398 οἰκίαν
628 4345 741 4414 ἑταίρα(
759 4347 922 4413 τρέφεεθοι.
