3406 4786
201 335 345 409 Epistulae
355 334 512 394 amatoriae
522 336 662 408 quomodo
672 336 843 394 cohaereant
853 352 916 394 cum
928 335 1238 409 elegiishlexandrinis.
1268 329 1330 395 113

200 511 348 576 Alterum
378 512 459 576 addc
488 511 674 595 exemplum
702 531 719 576 e
748 510 1035 576 declamationibus
1063 511 1258 591 minoribus;
1291 511 1331 576 cf.

203 613 392 679 GCOXLIII
410 617 450 699 (p.
464 617 528 680 353
549 614 597 681 ed.
613 615 735 697 uhter),
755 616 849 680 cuius
865 617 1091 698 argumentum
1108 619 1173 678 est:
1193 613 1333 698 ‘Pauper

203 723 236 781 et
254 717 344 783 dives
364 717 498 784 eandem
517 720 656 803 puellam
676 721 827 804 petebant
844 721 878 784 in
895 721 1143 787 matrimonium.
1169 720 1268 804 Capta
1283 722 1333 784 est

202 821 266 904 illa,
282 840 364 905 quae
379 822 554 907 petebatur.
578 824 691 888 Posuit
705 824 929 889 condicionem
942 822 1132 908 petitoribus
1147 825 1247 906 pater,
1262 823 1332 888 eius

202 927 295 1006 esset
319 926 376 1009 qui
399 925 595 990 redemisset.
628 927 779 1011 Pauper
802 926 968 1010 proiectus
991 931 1041 990 est
1063 928 1096 990 et
1112 925 1250 990 redemit
1268 926 1332 988 vir-

201 1029 318 1111 ginem.
346 1027 466 1113 Rapuit
483 1028 571 1093 illam
590 1030 780 1113 competitor
798 1029 896 1093 dives.
925 1026 1054 1093 Educta
1071 1028 1111 1092 ad
1128 1029 1331 1111 magistratus

202 1132 331 1215 nuptias
350 1131 479 1214 optavit
505 1130 819 1215 Circumscriptionis
837 1136 1009 1197 accusatur
1026 1134 1117 1216 pater
1135 1152 1154 1195 a
1171 1130 1332 1215 paupere?

201 1234 330 1318 Pauper
345 1234 452 1318 igitur,
470 1224 546 1316 quia
561 1240 691 1318 propter
705 1254 846 1301 amorem
860 1237 968 1299 omnia
980 1234 1124 1319 pericula
1138 1233 1282 1317 subierit
1297 1253 1332 1298 se

201 1337 448 1421 praeferendum
461 1356 532 1402 esse
545 1337 725 1418 contendit3
741 1338 781 1402 ci.
791 1358 821 1421 p.
832 1338 906 1420 356,
919 1338 959 1401 12
973 1336 1022 1401 ed.
1032 1337 1151 1402 Ritter:
1165 1335 1332 1420 ‘Navigavi

202 1440 243 1504 ad
262 1443 396 1526 piratas3
421 1441 456 1504 in
475 1461 555 1523 quos
573 1441 719 1505 incidere
735 1441 948 1506 miserrimum
966 1443 1022 1523 est
1039 1441 1200 1523 quaesivi;
1221 1459 1332 1504 omnes

201 1544 350 1628 scopulos
370 1547 532 1609 scrutatus
551 1564 631 1626 sum,
649 1544 756 1609 omnia
773 1544 867 1609 litora
887 1544 1025 1609 excussi
1056 1543 1193 1609 Accedit
1210 1540 1332 1625 aliquid

201 1648 354 1732 ponderis
383 1648 460 1713 huic
488 1650 600 1713 merito
624 1667 713 1712 meo:
746 1667 891 1732 pauper
919 1648 980 1712 hoc
1007 1647 1084 1730 feci,
1113 1667 1181 1710 rem
1206 1647 1332 1710 diviti

200 1770 341 1833 gravem,
359 1751 439 1814 mihi
456 1751 677 1817 neeessariam.
703 1751 745 1815 ht
760 1770 859 1834 quare
876 1755 991 1834 negata
1007 1752 1078 1814 est?
1097 1752 1134 1814 ut
1150 1750 1333 1815 conlocare·

200 1862 255 1920 tur
275 1856 314 1938 ei,
338 1856 394 1939 qui
415 1878 479 1921 non
499 1856 686 1939 redemerat,
711 1856 767 1939 qui
788 1857 1031 1939 contempserat,
1052 1854 1108 1936 qui
1127 1855 1240 1938 piratis
1258 1853 1332 1917 reli-

202 1965 323 2042 querat
341 1959 520 2023 Tantumne
535 1960 674 2043 pecunia
690 1959 797 2023 valet?
814 1963 937 2022 tantum
953 1958 1008 2023 ille
1023 1957 1131 2042 fulgor
1147 1956 1331 2021 divitiarum

201 2068 313 2128 contra
332 2064 501 2128 veritatem
524 2063 650 2147 potest?
686 2062 782 2126 Nunc
806 2061 861 2124 ille
884 2061 1017 2126 melior?

293 2167 382 2244 Quae
398 2186 473 2231 cum
489 2168 534 2230 ita
548 2167 622 2249 sint,
639 2166 773 2249 elegiam
790 2163 897 2228 Ovidii
912 2165 930 2228 Ι
949 2165 989 2228 10
1007 2167 1039 2228 et
1055 2163 1209 2248 epistulas
1225 2162 1332 2227 Philo-

201 2269 292 2333 strati
312 2272 329 2333 7
345 2271 411 2352 (44)
436 2275 468 2333 et
486 2271 527 2333 23
541 2271 607 2351 (45)
631 2287 672 2333 ex
692 2268 803 2351 elegiis
823 2266 1055 2332 Alexandrinis
1074 2286 1221 2331 manasse
1240 2286 1331 2350 nego,

201 2373 391 2456 praesertim
415 2392 488 2436 cum
513 2375 701 2455 argumenta
723 2372 851 2436 illarum
874 2372 1017 2436 interae
1042 2371 1170 2436 diversa
1192 2373 1264 2434 sint.

291 2476 405 2558 Neque
434 2477 535 2560 magis
563 2475 775 2540 similitudine
803 2494 1015 2557 commoveor,
1043 2495 1138 2559 quam
1167 2476 1252 2540 inter
1274 2476 1331 2539 has

200 2580 287 2663 ipsas
306 2579 492 2644 Philostrati
512 2579 664 2663 epistulas
683 2585 714 2644 et
732 2577 850 2644 libulli
868 2597 981 2643 versus
1000 2578 1016 2642 Ι
1034 2581 1064 2661 5,
1077 2579 1209 2642 61-66
1232 2579 1332 2642 inter-

202 2681 316 2747 cedere
329 2683 389 2746 viri
406 2682 493 2748 docti
508 2685 696 2747 statuerunt.
722 2683 897 2748 Conferant
911 2682 988 2747 licet
1004 2702 1076 2747 cum
1094 2687 1207 2766 poetae
1223 2681 1331 2747 verbis

202 2806 298 2870 supra
321 2785 424 2849 allatis
447 2785 633 2851 Philostrati
660 2787 748 2851 locos
773 2788 887 2869 7(44);
916 2786 960 2851 τίς
988 2785 1116 2851 δύναται
1144 2789 1331 2865 παραμεῖναι

202 2882 357 2971 νοτοῡντι,
380 2891 425 2955 τῖς
445 2890 542 2954 αὑτὸν
561 2891 712 2968 προτάξαι
732 2892 939 2970 πεμπομένου
960 2890 1082 2971 βέλους,
1104 2890 1149 2954 τίς
1173 2890 1253 2969 ὑπὲρ
1273 2892 1330 2954 cod

200 2997 322 3072 πεςεῖν;
348 2996 381 3057 et
403 2994 445 3056 23
469 2994 549 3077 (45):
574 2993 760 3076 arpocration,
785 2993 829 3058 ὡς
853 2993 967 3076 βούλει,
987 2994 1036 3058 καὶ
1055 2994 1215 3072 πείθομαι·
1238 2997 1330 3058 πλεῖν

201 3097 358 3178 κὲλευςον,
373 3095 520 3178 ἐμβαίνω,
542 3099 662 3175 πληγὰς
678 3096 852 3179 ὑπομεῖναι,
869 3101 1022 3178 καρτερῶ,
1039 3095 1127 3175 ῥῖψαι
1141 3098 1199 3174 τήν
1216 3097 1331 3178 ψυχήν,

202 3199 261 3265 οὐκ
284 3197 382 3281 ὀκνῶ,
406 3202 534 3278 δραμεῖν
559 3201 609 3264 διὰ
631 3200 743 3282 πυρόε,
767 3200 806 3265 οὐ
830 3200 954 3279 κάομαι.
988 3201 1032 3265 τίς
1056 3203 1157 3263 ταῦτα
1179 3200 1330 3265 πλούςιος

200 3305 300 3382 ποιεῖς
328 3302 429 3366 multo
458 3308 564 3368 tammr
593 3303 694 3366 artius
722 3323 796 3368 cum
823 3302 948 3367 Tibullo
978 3302 1212 3380 Quintilianum
1239 3301 1330 3365 illum

202 3404 373 3470 cohaerere
391 3405 456 3469 iam
475 3406 625 3470 vidimus.
655 3405 842 3470 Philostrati
861 3411 967 3471 autem
987 3405 1095 3470 verbis
1115 3405 1210 3470 etiam
1229 3405 1331 3487 magis

200 3507 374 3592 respondet
396 3507 532 3573 Luciani
557 3509 754 3573 imitatoria
777 3509 868 3592 libro,
898 3510 950 3574 oui
974 3508 1163 3573 inscribitur
1180 3507 1330 3591 Ἔρωτες,

201 3630 269 3694 cap.
285 3612 344 3675 46:
370 3612 396 3677 εῖ
420 3616 455 3677 δὲ
479 3614 536 3694 καί,
561 3611 628 3678 olo<
650 3613 853 3692 ἀνθρωπίνης
872 3614 999 3693 φύςεως
1012 3613 1128 3694 νόμος,
1150 3610 1247 3677 νὸςος
1267 3611 1331 3676 ἐπι-

201 3716 350 3794 ψαύςειεν
368 3714 476 3797 αὐτοῦ,
495 3716 643 3793 κάμνοντι
663 3718 844 3795 ςυννοςήςω
864 3718 914 3780 καὶ
933 3716 985 3780 διὰ
1004 3716 1156 3795 χειμερίου
1178 3713 1331 3792 θαλάττης

201 3817 390 3901 ἀναγομὲνιρ
414 3817 646 3896 ςυμπλεὺςομαι
778 3819 804 3883 εἰ
828 3821 863 3883 δὲ
886 3819 999 3902 λῃςτὰς
1023 3821 1041 3896 ἢ
1065 3818 1234 3895 πολεμίους
1259 3822 1330 3880 θεα-

201 3922 309 3999 ςαῖμην
329 3920 377 3985 ἐπ’
394 3920 493 3985 αὐτὸν
513 3921 688 4002 ὁρμῶντατ,
713 3921 898 4000 ὁπλιςαίμην
917 3922 967 3985 καὶ
989 3922 1076 4001 παρὰ
1099 3921 1247 3997 δύναμιν·
1271 3919 1330 3984 κᾶν

201 4023 357 4108 ἀποθάνῃ,
374 4027 431 4102 ζῆν
447 4023 507 4088 οὐκ
523 4023 672 4102 ἀνέξομαι
688 4028 721 4088 et
737 4024 930 4088 Plutarchus
946 4025 979 4088 in
997 4025 1170 4104 Ἐρωτικοῦ
1188 4041 1254 4105 cap.
1271 4023 1328 4085 ll:

201 4127 281 4207 ἀνὴρ
305 4128 365 4206 γὰρ
389 4127 599 4205 ὑποπληςθεὶς
618 4126 765 4206 Ἔρωτος
790 4124 887 4191 οὐδὲν
905 4127 1014 4206 Ἄρεος
1035 4128 1129 4191 δεῖται
1150 4125 1328 4205 μαχόμενος

201 4231 371 4312 πολεμίοις,
395 4230 474 4294 ἀλλὰ
497 4230 555 4294 τὸν
578 4229 678 4294 αὑτοῦ
704 4232 780 4294 θεὸν
803 4228 889 4309 ἔχων
914 4228 1049 4294 ςυνόντα

254 4369 316 4422 xlv,
329 4368 349 4414 a.
1204 4352 1222 4406 8
