3308 4938
169 395 355 464 Quaestiones
365 394 573 450 Tertuliieneee
583 393 620 450 ed
630 393 733 448 librum
741 393 883 450 Adversus
893 393 1023 448 Praxean
1037 393 1217 462 pertinentes.
1258 385 1300 448 53

171 568 242 633 cleti
263 587 327 632 non
348 567 540 632 divisionem
560 567 765 650 significavit,
789 563 847 630 sed
866 564 1125 649 dispositionem:
1150 570 1301 654 rogabo,
1328 583 1357 627 m

172 671 266 748 enim,
282 670 398 752 inquit,
418 671 576 752 patrem,
595 671 633 733 et
651 669 769 733 alium
788 667 1015 734 advocatum
1033 671 1162 736 mittet
1180 675 1302 756 vobis,

172 775 352 858 spiritum
377 773 566 853 imitatio,
590 773 638 836 sic
656 773 756 837 alium
774 793 793 836 a
810 791 846 838 se
871 799 889 832 s
914 773 1119 858 paracletum,
1143 779 1302 859 quomodo

173 885 204 942 et
222 897 281 942 nos
301 878 428 960 epatre
448 876 546 941 elium
566 876 682 956 filium,
705 881 742 939 ut
759 876 890 939 tertium
914 875 1048 958 madum
1068 881 1251 948 ostenderet
1269 885 1303 948 in

173 981 343 1066 paracleto,
374 980 461 1045 sicut
489 999 549 1043 nos
577 978 757 1043 secundum
786 979 820 1042 in
848 979 918 1043 titio
946 986 1076 1064 propter
1104 985 1304 1052 eihenomiae

174 1083 239 1165 (10)
270 1082 536 1146 observationem.
573 1081 692 1166 ipsum,
724 1081 809 1164 quod
840 1089 932 1166 pater
960 1089 992 1148 et
1021 1085 1110 1150 filius
1143 1088 1304 1172 dicuntur,
1332 1100 1360 1145 2⁵

174 1205 281 1250 nonne
305 1185 387 1250 alius
410 1184 450 1248 eb
474 1184 537 1248 alie
562 1183 701 1262 (alius)
726 1186 798 1250 est?
832 1186 946 1270 utique
970 1188 1057 1252 enim
1085 1191 1192 1254 omnia
1220 1191 1305 1275 quod

177 1292 340 1370 vocantem,
364 1289 426 1352 hoo
450 1290 554 1368 erunt
578 1296 611 1352 et
629 1288 716 1371 quod
740 1295 843 1370 erunt
867 1290 928 1354 hoc
947 1292 1157 1374 vocabuntur,
1181 1298 1213 1359 et
1236 1313 1306 1378 per-

175 1393 313 1457 miscere
341 1411 377 1455 se
400 1391 571 1455 diversitas
594 1390 822 1456 vocabulorum
846 1413 911 1456 non
935 1399 1041 1478 petest
1064 1399 1203 1480 omnino,
1231 1399 1307 1480 quia

175 1515 236 1560 nec
263 1514 387 1569 rerum,
417 1513 553 1576 quarum
583 1499 678 1558 erunt
702 1495 866 1560 vocabula.
900 1501 970 1579 est,
1001 1503 1071 1582 est,
1104 1519 1190 1582 nen,
1218 1521 1306 1578 non3

176 1617 258 1662 narn
284 1598 382 1680 quod
407 1597 662 1680 (15)emp1ius
686 1603 755 1680 est,
780 1599 849 1663 hoe
872 1621 891 1662 a
914 1601 1009 1666 malo
1033 1609 1098 1667 est.
1334 1619 1362 1665 er

266 1741 301 1794 22
326 1741 437 1793 adnotat
456 1739 514 1792 Kr:
538 1739 668 1792 lacunam
691 1743 815 1808 apricat:
840 1741 1038 1798 demonstrans
1063 1746 1104 1796 cel
1124 1746 1179 1798 tale
1197 1746 1310 1814 aliquod

175 1827 361 1894 participium
384 1825 538 1890 intercidit3
576 1825 612 1878 25
631 1823 722 1894 ipsum
743 1825 796 1892 ΕΒ,
816 1826 897 1894 ipsud
911 1827 971 1894 PM;
1009 1829 1045 1882 26
1064 1829 1137 1884 alius
1152 1831 1197 1882 Kr
1215 1830 1257 1901 [tn
1269 1832 1308 1888 ed.

178 1930 243 1979 καις
263 1912 341 1967 aliud
360 1928 422 1964 cum
441 1912 516 1964 codd.
529 1913 561 1964 in
574 1911 613 1964 cd.
626 1912 718 1978 min.]:
738 1910 815 1966 aliud
834 1911 917 1978 pum
937 1913 1013 1967 alius
1031 1915 1141 1967 addidit
1154 1915 1199 1968 Kr
1216 1915 1256 1984 [in
1269 1918 1308 1969 ed·

178 2015 240 2064 mm,
260 1997 342 2053 aliud
361 2000 392 2051 in
412 1998 451 2050 ed.
465 1996 558 2065 ηαλμ
596 1996 630 2050 27
650 1997 821 2066 permiscere
840 2013 870 2050 se
890 1997 947 2064 Pu,
966 1999 1129 2067 permisceri
1148 2001 1176 2053 F.

270 2142 520 2207 Consideremus
544 2142 745 2222 sententiam,
769 2161 851 2223 quae
876 2142 955 2206 haec
978 2143 1046 2207 fere
1071 2149 1134 2208 est:
1160 2143 1242 2208 elius
1263 2148 1313 2210 est

180 2249 282 2329 pater,
311 2245 392 2309 nlius
416 2247 465 2308 est
487 2243 589 2325 tilius,
622 2243 704 2307 alius
727 2244 876 2326 spiritus3
899 2245 982 2309 mele
1006 2251 1111 2309 autern
1136 2245 1313 2312 adversarii

181 2369 221 2414 ex
239 2369 277 2414 ea
292 2368 328 2412 re
347 2347 567 2413 diversitatem
583 2351 616 2409 et
631 2346 824 2410 divisionem
839 2347 1027 2432 intellegere
1043 2349 1163 2412 volunt.
1184 2351 1313 2416 Acriter

183 2453 266 2516 hanc
290 2450 531 2515 distinctionem
559 2450 657 2533 patris
687 2455 719 2513 et
746 2449 807 2512 tilii
836 2452 867 2513 et
895 2451 1028 2534 spiritus
1053 2453 1169 2535 premit
1192 2456 1312 2536 auctor,

185 2557 261 2638 quia
279 2555 326 2618 illi
346 2553 515 2632 dpooucicv
536 2549 743 2616 contendunt.
777 2551 810 2617 Si
829 2551 1058 2636 Kroymannus
1076 2556 1110 2618 in
1130 2557 1313 2640 parenthesi

185 2659 276 2743 ponit
302 2657 400 2721 verbe
422 2655 516 2720 'male
540 2657 667 2739 accipit'
690 2675 793 2738 usque
822 2657 861 2720 ad
885 2655 1084 2740 adulantes,
1113 2665 1199 2724 certe
1228 2659 1314 2744 quod

186 2762 281 2826 verba
301 2761 377 2825 ‘nen
396 2765 503 2824 tamen
524 2809 529 2820 .
548 2809 553 2821 .
571 2809 577 2821 .
598 2759 706 2822 elium'
726 2779 791 2823 non
810 2759 949 2825 habeant
964 2761 1004 2825 ad
1020 2761 1106 2846 quod
1124 2763 1314 2846 referantur,

185 2865 276 2928 valde
296 2863 417 2946 dubito,
436 2885 476 2928 an
495 2865 556 2928 hoc
572 2869 694 2929 rectum
712 2885 776 2928 non
793 2867 842 2929 sit.
870 2865 1007 2950 Egregie
1025 2865 1112 2932 ‘ecoe
1129 2869 1215 2931 enim
1231 2867 1314 2932 dieo’

186 2968 346 3052 excipitur
369 2967 476 3031 verbis
495 2967 699 3032 ‘necessitate
724 2973 830 3032 autern
854 2967 915 3032 hoc
939 2966 1030 3050 dico’,
1056 2969 1162 3053 ipsum
1187 2990 1315 3054 quoque

186 3069 351 3134 ‘adversus
375 3069 579 3134 oilronomian
603 3071 808 3135 monarchiae
832 3069 1009 3135 adulantes'
1029 3073 1191 3156 excipitur
1209 3072 1316 3136 verbis

185 3172 476 3254 (acere-ntem:
506 3173 648 3258 'propter
671 3173 870 3238 eihonomiee
894 3174 1169 3239 observationem.
1203 3175 1316 3242 Scribo

187 3277 297 3360 igitur:
323 3276 410 3340 ‘ecce
435 3277 521 3340 enirn
542 3275 614 3340 dico
638 3275 736 3340 alium
761 3295 830 3340 esse
851 3280 973 3360 patrem
993 3283 1025 3342 et
1043 3277 1140 3341 alium
1159 3277 1265 3340 tilium
1284 3279 1319 3342 et

186 3379 285 3443 etium
300 3380 465 3463 spiritum:
483 3379 566 3444 male
582 3379 700 3464 accipit
715 3379 831 3443 idiotes
847 3381 985 3463 quisque
1001 3386 1058 3444 aut
1071 3399 1241 3464 perversus
1256 3379 1317 3446 hoc

186 3485 318 3566 dictum,
334 3483 425 3568 quasi
439 3483 657 3547 diversitatem
674 3489 767 3548 sonet
781 3485 814 3547 et
829 3502 871 3547 ex
886 3482 1072 3546 diversitate
1084 3483 1318 3566 separationem

185 3586 355 3672 portendat
369 3587 468 3670 patris
485 3591 517 3650 et
531 3585 592 3648 filii
606 3592 639 3649 et
654 3586 787 3669 spiritus
799 3587 918 3662 sancti;
936 3586 1125 3650 necessitate
1138 3589 1246 3650 autem
1257 3586 1319 3652 hoc

186 3690 267 3774 dice,
291 3709 365 3754 curn
391 3687 531 3754 eundem
556 3691 678 3771 patrem
702 3694 734 3753 et
756 3688 860 3752 filium
886 3694 918 3752 et
941 3689 1089 3772 spiritum
1109 3689 1318 3770 contendunt,

186 3793 341 3858 adversus
362 3791 567 3856 oilronomian
588 3791 791 3856 monarchiae
808 3791 1006 3868 adulantes3'
1025 3793 1088 3855 iam
1106 3793 1252 3874 sequitur
1267 3811 1320 3858 ac-

187 3899 351 3961 cusativus
375 3893 452 3958 'non
477 3899 584 3958 tamen
609 3945 663 3957 ...
688 3893 786 3958 alium
797 3895 819 3976 ¹)
844 3893 918 3976 ...'‚
942 3894 998 3976 qui
1018 3899 1104 3958 certe
1123 3893 1200 3958 satis
1218 3893 1320 3959 libere

187 3997 295 4063 verbis
308 3996 392 4061 ‘dico
405 3997 515 4061 alium’
528 3996 723 4082 adiungitur,
738 3997 794 4062 sed
812 3996 967 4078 conteras
985 4016 1067 4080 quae
1083 3995 1203 4060 deloco
1217 3997 1317 4066 atera

188 4102 273 4166 inira
296 4103 338 4184 (p.
356 4101 410 4182 54)
434 4119 641 4185 exponemus
676 4099 768 4178 Quod
792 4101 906 4164 attinet
929 4099 969 4164 ad
992 4101 1115 4184 priores
1136 4099 1321 4180 sententias,

275 4232 296 4300 ¹)
315 4231 345 4287 V.
362 4231 398 4285 23
411 4229 468 4301 (20)
487 4229 608 4285 tortasse
627 4230 807 4285 scribendum
827 4233 883 4284 est:
904 4229 979 4299 ‘quie
998 4245 1056 4284 non
1076 4229 1132 4283 sint
1150 4227 1226 4282 idern
1239 4231 1321 4299 pater

189 4321 216 4371 et
235 4315 319 4384 filius,
340 4316 401 4371 sed
420 4315 535 4370 modulo
547 4315 628 4370 alius
642 4315 678 4370 ab
692 4315 766 4370 alio'.
795 4315 852 4370 lam
867 4314 1015 4384 sequentia
1028 4313 1100 4369 bene
1113 4330 1144 4368 se
1157 4313 1321 4384 adiungunt.
