3248 4910
377 333 420 396 82
454 391 456 398 .
778 339 831 394 dl.
851 339 1074 406 Heinemann‚

467 511 563 576 Nunc
581 509 766 574 Philostrati
788 511 959 594 epistulam
981 511 1024 574 22
1044 512 1110 594 (40)
1134 530 1208 575 cnm
1230 511 1409 596 Propertio
1433 529 1506 574 com-

378 633 536 701 paremus.
552 614 838 699 Epistolographus
854 615 1031 698 mulierem,
1047 633 1130 697 quae
1146 623 1338 679 ornamenta
1359 619 1393 678 et
1410 613 1506 678 cultas

379 720 571 800 contemnat
587 716 722 782 laudans
737 717 776 781 ab
793 737 831 782 ea
847 717 1016 800 sententia,
1032 737 1129 801 quam
1140 718 1175 780 in
1186 717 1396 782 Mostellaria
1412 716 1506 780 Plauti

379 825 411 888 et
428 823 463 886 in
482 821 642 906 Propertii
661 822 803 886 carmine
821 821 966 906 legimus,
990 822 1120 906 incipit:
1144 821 1249 886 nullas
1272 821 1435 886 mulieres
1453 821 1507 882 nisi

378 933 488 1010 tmpes
510 923 682 990 medicinis
702 943 814 1007 egere:
838 925 873 990 ‘tl
900 925 1154 1004 κολλωπιζομὲνη
1178 926 1258 1002 γυνή
1284 923 1458 1004 θεραπεύει
1478 923 1507 986 τὸ

379 1030 500 1094 ἐλλιπὲς
529 1028 715 1108 φοβουμένη
739 1031 943 1110 φωραθῆναι,
973 1028 992 1092 ὃ
1017 1027 1076 1092 οὐκ
1103 1027 1167 1108 ἔχει
1189 1027 1208 1105 ἡ
1235 1029 1340 1108 ponc.
1388 1025 1507 1090 Deinde

380 1130 574 1197 enumeratis
592 1127 865 1212 medicaminibus
882 1129 999 1212 quibus
1016 1129 1167 1195 mulieres
1182 1133 1331 1214 utuntur,
1350 1149 1447 1194 suam
1457 1147 1508 1212 pn-

380 1235 474 1300 ellam
496 1231 614 1314 laudat,
638 1231 725 1314 quod
749 1233 857 1296 omnia
878 1233 958 1298 haec
978 1238 1177 1298 contemnat:
1202 1255 1275 1298 nam
1302 1234 1509 1299 meretricum

379 1340 505 1402 tantum
533 1354 603 1400 esse
631 1335 687 1400 illa
714 1334 874 1400 adbibere.
907 1335 1009 1400 Vides
1031 1355 1138 1402 mores
1165 1337 1291 1420 puellae
1316 1337 1417 1421 plane
1440 1355 1507 1401 con-

379 1441 494 1504 trarios
518 1438 577 1520 eie,
601 1457 681 1520 quos
704 1437 893 1522 Propertius
916 1437 1083 1516 describit,
1106 1440 1210 1524 ipsam
1232 1440 1397 1524 epistulae
1425 1457 1508 1503 occa·

380 1545 504 1609 sionem
528 1562 600 1608 esse
618 1542 712 1627 plano
732 1542 835 1606 aliam.
859 1541 922 1608 Sed
945 1543 991 1606 ita
1013 1543 1173 1608 invertere
1192 1543 1296 1608 solent
1314 1541 1505 1626 exemplaris

380 1648 555 1713 sententtas
577 1646 730 1710 rhetores,
764 1644 881 1729 Audio,
905 1645 962 1710 sed
992 1645 1072 1728 quid
1101 1666 1176 1712 eum
1202 1648 1381 1712 retinuisse
1410 1645 1506 1710 diois?

380 1751 463 1816 Nam
486 1749 635 1834 exempla
658 1769 676 1814 e
699 1751 815 1814 natura
836 1751 943 1834 petita,
968 1749 1086 1832 quibus
1106 1749 1293 1833 Propertius
1316 1751 1434 1828 utitur,
1458 1747 1505 1811 de

381 1855 465 1920 sunt
488 1854 534 1917 At
551 1852 763 1918 inveniuntur
780 1853 931 1934 mythice
956 1853 1043 1917 Iovis
1066 1859 1152 1918 certe
1172 1872 1298 1919 amores
1317 1854 1505 1925 afferuntur,

381 1960 477 2040 atque
493 1955 599 2020 verbis
611 1953 751 2038 quidem,
764 1974 846 2039 quae
863 1955 947 2039 apud
964 1957 1108 2020 rhetores
1127 1957 1220 2039 quasi
1237 1956 1410 2020 sollemnia
1428 1957 1503 2018 sunt.

383 2060 536 2126 Oooieras
559 2058 745 2123 Philostrati
769 2058 937 2142 epistulam
963 2060 1005 2122 22
1021 2060 1101 2142 (40);
1130 2059 1196 2124 ἀλλ’
1217 2059 1347 2124 ἀδόλως
1373 2055 1402 2124 εἷ
1422 2059 1504 2134 καλή,

381 2162 443 2229 olm
453 2161 614 2242 πρότερον
626 2161 714 2244 dces,
727 2160 774 2226 ὧν
789 2164 904 2242 χρυςὸς
919 2161 982 2240 ἢρα
998 2163 1048 2226 καὶ
1062 2165 1140 2241 βοῦς
1152 2164 1201 2226 καὶ
1214 2161 1306 2240 ὕδωρ
1318 2165 1371 2227 καὶ
1388 2161 1503 2240 ὄρνιθες

381 2267 431 2330 καὶ
455 2266 625 2344 δράκοντες
659 2269 691 2328 et
714 2262 858 2329 eiusdem
883 2263 1052 2348 epistulam
1080 2265 1122 2329 30
1143 2266 1226 2348 (58):
1256 2265 1343 2331 οὕτω
1371 2267 1424 2328 καὶ
1444 2261 1504 2325 llo

382 2372 495 2433 ςειδῶν
514 2368 637 2444 ὑπῆλθε
655 2372 818 2450 πορφυρῷ
837 2368 945 2445 κύματι
968 2367 1018 2431 καὶ
1042 2367 1093 2447 βοῒ
1114 2367 1194 2433 Ζεὺς
1218 2369 1268 2432 καὶ
1290 2373 1399 2451 χρυςῷ
1422 2365 1502 2429 dhon

381 2471 431 2534 καὶ
455 2468 604 2550 δράκοντι
628 2470 875 2534 etAmstaeneti
895 2470 983 2534 112:
1008 2471 1104 2549 φίλος
1132 2472 1193 2551 γὰρ
1216 2471 1385 2536 Πυθιάδος
1408 2471 1460 2543 τίς,
1481 2464 1502 2529 εἰ

383 2573 422 2651 μή
446 2593 482 2648 γε
504 2571 585 2636 Ζεὺς
613 2575 732 2650 ταῦρος
761 2573 780 2651 ἢ
804 2575 920 2652 χρυςὸς
944 2575 963 2652 ἢ
987 2575 1103 2639 κύκνος
1126 2573 1299 2652 γενόμενος
1323 2575 1377 2638 διὰ
1406 2573 1453 2650 ςὲ;
1475 2573 1502 2631 et

382 2676 578 2759 epigramma
603 2673 744 2738 Palladis
773 2675 902 2740 Anthol.
923 2675 989 2740 Pal.
1009 2676 1040 2738 V
1061 2677 1135 2740 257.
1168 2675 1263 2760 (Vide
1287 2677 1387 2740 etiam
1415 2689 1500 2756 supra

381 2799 410 2861 p.
426 2779 470 2841 48
484 2779 549 2860 sq.).
574 2776 660 2854 Quid
678 2778 739 2843 hoc
762 2797 836 2842 cum
855 2778 1046 2862 Propertio?
1070 2777 1213 2844 Deorum
1231 2779 1433 2862 heronmque
1455 2793 1501 2840 er·

383 2879 487 2962 empla
502 2877 633 2944 laudare
649 2885 681 2944 et
699 2881 844 2946 rhetores
860 2880 966 2946 solent
980 2887 1013 2946 et
1028 2881 1232 2966 Propertius;
1256 2901 1339 2965 quae
1354 2883 1386 2946 si
1401 2879 1499 2946 eadem

382 3003 447 3046 non
471 2984 556 3065 sunt
579 3002 639 3046 cur
655 2982 777 3048 fontem
796 2988 890 3067 putas
914 2987 1141 3049 communem?
1165 2985 1228 3052 Sed
1252 2985 1347 3050 ubam
1367 2980 1500 3050 eiusdem

383 3085 567 3150 Philostrati
584 3086 752 3169 epistulam
765 3085 983 3154 Gollniscbius
1000 3087 1104 3171 adfert
1124 3087 1181 3152 ubi
1192 3108 1293 3153 unum
1310 3085 1499 3154 redeath

383 3189 479 3272 pertii
503 3188 695 3272 exemplum,
726 3188 851 3254 scilicet
878 3191 920 3254 36
941 3191 1016 3274 (67),
1040 3211 1104 3276 qua
1131 3191 1241 3256 rhetor
1267 3191 1444 3270 mulierem,
1465 3203 1499 3248 ue

383 3291 501 3376 pedum
518 3293 719 3364 venustatem
736 3291 853 3357 calceis
869 3293 960 3376 celet,
977 3293 1139 3358 hortatur:
1161 3293 1246 3358 οὕτω
1263 3296 1313 3358 καὶ
1327 3295 1388 3371 τὴν
1400 3293 1499 3371 Ἀφρο-

383 3397 470 3474 δίτην
488 3393 665 3475 γράφουςιν
684 3396 713 3460 οἱ
734 3395 899 3475 Ζώγραφοι
921 3399 978 3476 τήν
997 3398 1196 3484 ἀνοιςχοῦςον
1216 3397 1250 3462 ἐκ
1267 3401 1324 3476 τῆς
1344 3396 1498 3468 θοιδὰττηῑ·

384 3497 470 3563 οὓτω
488 3500 537 3562 καὶ
552 3499 617 3564 τὰς
631 3497 917 3579 Λευκιππίδαςῑ)
952 3499 1077 3564 confert
1096 3519 1171 3564 cum
1190 3499 1351 3584 Propertii
1375 3497 1435 3578 12,
1451 3493 1496 3556 15:

512 3635 585 3701 Non
609 3637 658 3702 sic
680 3637 889 3722 Leucippis
913 3635 1083 3702 succendit
1105 3637 1237 3702 Castora
1259 3636 1389 3702 Phoebe

385 3779 418 3842 et
440 3775 606 3841 contendit
629 3775 732 3841 eidem
756 3776 878 3860 elegiae
903 3777 991 3842 buno
1013 3776 1119 3841 locum
1139 3773 1258 3860 deberi,
1283 3775 1337 3841 cui
1360 3769 1497 3860 epistulas

386 3880 426 3944 27
444 3880 511 3964 (39)
535 3881 567 3943 et
590 3879 632 3943 22
649 3881 724 3962 (40).
759 3879 822 3945 Sed
845 3885 878 3945 et
899 3879 971 3944 illas
994 3899 1149 3964 negamus
1172 3899 1214 3944 ex
1238 3879 1415 3964 exemplari
1432 3875 1496 3941 Pro

480 4057 502 4127 ¹)
529 4057 621 4114 Verba
646 4058 725 4112 οὕτω
750 4057 795 4112 και
821 4059 872 4112 τὰς
897 4057 1085 4113 Λευκιππίδας
1108 4057 1312 4114 Boisscnadiue
1338 4047 1496 4128 (Philostrati

384 4146 523 4216 epistulae
546 4163 570 4202 c.
595 4151 654 4203 not.
677 4146 782 4204 Olearii
805 4146 920 4218 suisque
942 4147 1097 4204 instructae
1123 4147 1204 4217 1842)
1228 4148 1319 4204 solum
1342 4143 1496 4204 Philostrato

385 4235 528 4292 adscribit.
