3248 4910
369 277 412 341 68
787 285 823 342 Μ.
842 285 1066 354 Heinemann‚

368 455 490 522 Locroe
516 455 648 539 habent,
676 458 732 522 aut
759 455 981 522 meditationes
1008 457 1043 521 in
1067 455 1269 541 Psophodee,
1299 454 1523 534 Nomottrete,

367 558 621 642 Hypobolimaeo
639 579 705 624 non
723 559 873 625 omnibus
892 561 1038 625 oratoriis
1056 560 1201 624 numeris
1223 561 1306 623 sunt
1330 557 1522 622 absolutae.

367 662 435 746 Ego
459 667 566 728 tamen
589 663 662 748 plus
685 663 792 729 adhuc
815 663 968 747 quiddam
986 655 1188 728 conlaturdm
1207 680 1286 726 eum
1312 659 1522 726 declama-

367 765 516 830 toribus
534 772 621 850 put0,
638 768 791 850 quoniam
806 767 857 832 his
872 785 1004 832 neccsse
1016 768 1065 832 est
1079 763 1262 831 secundum
1274 762 1518 829 condicionem

368 868 658 933 controversiarum
678 868 790 972 plures
806 867 916 933 subire
934 887 1093 952 personas,
1116 873 1245 953 patrum
1263 867 1429 948 tiliormn,
1457 865 1520 929 mi-

367 970 460 1036 litum
469 971 673 1054 rusticorum,
683 970 818 1036 divitum
828 990 1016 1056 pauperum,
1026 971 1236 1036 irascentium
1245 969 1517 1054 deprecantium,

367 1075 493 1140 mitium
521 1075 759 1158 asperorum1).'
797 1073 848 1138 Ex
871 1075 942 1140 loco
966 1074 1169 1156 Quintiliani,
1198 1093 1296 1157 quem
1324 1073 1515 1150 attulimus

367 1176 510 1261 intellegi
520 1180 627 1261 potest
637 1176 852 1242 Menandrum
862 1176 1032 1262 diligenter
1040 1177 1076 1241 in
1085 1175 1194 1241 studio
1205 1177 1514 1241 controversiarum

366 1286 529 1345 versatum
548 1299 630 1345 esse.
662 1279 714 1344 Εκ
733 1281 962 1346 controversiis
981 1301 1000 1344 a
1019 1279 1251 1361 Quintilian02)
1276 1279 1385 1344 allatis
1405 1298 1510 1342 unam

366 1384 552 1467 nuperrime
574 1383 643 1448 luci
664 1381 824 1448 redditam
842 1403 952 1449 omnes
973 1382 1089 1465 sciunt,
1112 1402 1194 1465 eam,
1218 1381 1259 1448 dc
1278 1401 1345 1466 qua
1364 1383 1510 1460 Ἐπιτρέ-

367 1488 514 1569 ποντεεί)
540 1485 650 1551 tabula
676 1505 796 1551 nomen
823 1485 929 1551 traxit
968 1485 1144 1570 Orationes,
1172 1504 1254 1568 quas
1282 1486 1509 1569 disceptantes
1596 1551 1597 1574 ,

367 1588 493 1671 habent,
515 1589 626 1653 litibus
646 1589 731 1654 veris
755 1608 852 1672 quam
869 1590 1010 1654 maxime
1028 1589 1289 1654 accommodatae
1309 1591 1399 1652 sunt.
1431 1587 1509 1652 Non
1596 1577 1597 1602 ³

365 1710 499 1758 necesse
522 1697 572 1756 est
593 1711 653 1757 nos
675 1692 830 1758 hocloco
853 1691 893 1757 dc
917 1692 1044 1776 egregia
1066 1698 1143 1775 arte,
1175 1713 1241 1776 qua
1263 1692 1451 1758 Menander
1473 1692 1508 1754 in

367 1795 597 1878 compositione
615 1795 704 1860 illius
723 1813 858 1860 scaenae
878 1796 987 1878 utitur,
1011 1796 1195 1860 accuratius
1214 1794 1388 1878 disserere,
1412 1813 1507 1878 prae·

366 1899 476 1963 sertim
501 1917 574 1962 cum
599 1899 706 1982 quivis
728 1898 829 1963 lector
851 1897 947 1964 facile
970 1917 1040 1963 eum
1063 1899 1249 1982 persentiat

456 2001 599 2066 Similem
623 2001 873 2066 controversiam
901 2000 1072 2086 aDiphilo
1100 2001 1257 2085 prolatam
1286 2002 1389 2068 habes
1417 1999 1504 2085 apud

366 2103 517 2168 Plautum
528 2103 666 2169 Rudent
677 2105 742 2168 938
750 2123 827 2187 sqq,
844 2105 979 2186 eiusque
994 2122 1108 2168 rursus
1123 2104 1239 2168 similis
1256 2109 1307 2170 est
1321 2105 1389 2186 illa,
1405 2123 1502 2188 quam

367 2211 402 2272 ut
429 2209 632 2290 antiquarum
661 2209 951 2272 controversiarum
980 2207 1165 2291 exemplum
1196 2207 1296 2272 aiicrt
1325 2208 1502 2274 Suetonius

366 2310 417 2376 ‘de
440 2309 634 2376 rhetoribus'
658 2331 724 2395 cap.
743 2314 778 2375 1:
803 2311 948 2376 'Aestivo
972 2313 1115 2395 tempore
1134 2309 1365 2376 adulescentes
1386 2311 1500 2375 urbani

260 2431 262 2437 ’
368 2433 442 2478 cum
461 2412 583 2478 Ostiam
602 2414 774 2496 venissent,
792 2413 868 2477 litus
886 2413 1032 2497 ingressi,
1050 2413 1226 2497 piscatores
1245 2414 1414 2478 trahentes
1433 2418 1500 2478 reta

460 2575 478 2643 ¹)
502 2573 542 2629 Cl.
562 2573 647 2628 etiam
665 2573 809 2629 Plutarchi
826 2572 1022 2642 Aristophanis
1041 2575 1069 2626 et
1087 2571 1237 2628 Menandri
1257 2573 1500 2643 comparationem

367 2673 389 2713 c.
400 2655 417 2710 2
429 2657 461 2728 (v
473 2675 499 2728 p.
510 2659 563 2713 205
573 2659 615 2713 ed.
627 2657 836 2728 Bernardakisl:
851 2653 887 2712 ‘tl
902 2659 934 2711 δὲ
945 2658 1116 2724 Μενάνδρου
1130 2659 1235 2724 φράειε
1248 2659 1329 2712 οὕτω
1344 2660 1499 2714 reversetur

367 2742 412 2796 καὶ
431 2743 623 2807 (υμπέπνευκε
647 2743 802 2810 κεκραμένη
826 2744 900 2809 πρὸ(
924 2743 1036 2808 ἑαυτήν,
1061 2737 1133 2796 dicre
1156 2743 1203 2796 hid
1226 2746 1348 2798 πολλῶν
1372 2744 1497 2808 ἀγομένη

367 2829 470 2881 παθῶν
489 2825 533 2882 καί
546 2825 628 2892 ἠθῶν
641 2825 685 2880 καὶ
698 2827 863 2893 προεὼποιε
877 2827 1098 2893 έφαρμόττουεα
1112 2829 1311 2883 παντοδαποί(
1329 2828 1379 2894 μία
1391 2845 1421 2882 τε
1435 2827 1498 2894 φοί-

366 2915 461 2966 νεεθαι
480 2911 525 2965 καί
542 2911 596 2977 τὴν
616 2911 773 2978 ὁμοιότητα
789 2915 888 2978 τηρεῖν
907 2911 938 2966 έν
955 2913 1016 2966 τοία
1037 2913 1143 2966 κοινοῑε
1161 2911 1207 2966 καί
1226 2914 1358 2980 coudecet
1377 2913 1423 2967 καί
1441 2913 1496 2965 ὑπὸ

366 3001 419 3062 τὴν
439 2996 538 3064 χρείαν
557 2997 691 3062 ὀνόμαειν
710 3038 758 3054 ...
778 2997 848 3050 ἀλλὰ
861 2997 1030 3063 Μένανδρος
1048 2996 1143 3050 οὕτω(
1161 2997 1237 3061 έμιξε
1255 2997 1312 3064 τὴν
1324 2997 1408 3064 λέξιν,
1428 2997 1495 3050 there

367 3083 438 3150 πιίεῃ
453 3080 498 3134 καί
512 3081 594 3148 φὺεει
610 3081 655 3136 καί
668 3082 786 3136 διαθέεει
803 3081 848 3135 καί
864 3081 956 3151 ἡλικίᾳ
970 3081 1131 3148 ώμμετρον
1143 3079 1216 3135 εἶναι
1234 3099 1258 3134 κ.
1269 3098 1295 3137 τ.
1306 3083 1328 3136 έ.
1344 3085 1373 3137 ct
1383 3083 1496 3137 Hermo·

366 3166 445 3236 genis
457 3163 523 3232 περί
537 3163 622 3224 ἰδεῶν
635 3164 656 3230 β’
670 3166 758 3235 cap3
772 3165 895 3236 (Rhetor.
908 3182 1000 3236 graec.
1013 3165 1047 3220 Ill
1060 3181 1087 3234 ρ.
1096 3165 1150 3221 306
1163 3164 1300 3235 ed.Walz,
1314 3167 1337 3221 ll
1350 3182 1378 3236 p.
1388 3167 1441 3221 352
1454 3166 1495 3220 cd.
1596 3169 1597 3172 ’

366 3251 511 3322 5ροοροί);
531 3252 609 3318 παρά
626 3268 658 3305 τε
677 3252 712 3305 αὖ
728 3257 772 3330 1τῶ
793 3253 955 3322 Μενάνδρῳ
976 3251 1062 3319 μυρία
1080 3252 1116 3304 δν
1134 3251 1231 3319 εὔροια
1244 3256 1375 3316 τοιαῦτα,
1394 3253 1438 3306 καὶ
1449 3268 1495 3315 γυ-

366 3341 462 3392 ναῖκα(
484 3337 617 3400 λεγοίιεα(
637 3336 681 3390 καί
700 3335 861 3390 νεανίεκουα
878 3337 1004 3403 ἐρῶντα(
1024 3335 1068 3390 καί
1090 3334 1243 3403 μαγείρου(
1264 3336 1311 3390 καί
1334 3337 1494 3404 παρθένου(

367 3423 567 3490 θρυπτομέναε
586 3420 630 3475 καί
650 3437 727 3476 τινα(
747 3423 856 3477 ἄλλους.
889 3424 965 3477 ὅλοι(
982 3439 1014 3477 τε
1034 3423 1131 3477 διὰτὸ
1150 3421 1325 3477 ὑποπίπτειν
1343 3429 1387 3492 τῷ
1407 3423 1492 3490 ἠθικῷ

366 3509 444 3576 λόγῳ
468 3506 561 3559 πάντα
583 3506 619 3559 τὰ
641 3509 702 3559 τῶν
724 3505 868 3560 τοιούτων
890 3506 1057 3573 προεῶπων
1081 3507 1153 3576 ἢθη,
1177 3505 1242 3560 οίον
1265 3505 1383 3574 λίχνων,
1407 3525 1494 3576 γεωρ-

365 3597 427 3657 γῶν
447 3609 470 3646 κ.
481 3607 505 3643 τ.
518 3591 539 3643 ἕ.

457 3676 478 3745 ¹)
496 3675 631 3730 Conleras
654 3673 740 3730 etiam
758 3675 936 3745 Anonymum
956 3674 987 3730 in
1006 3675 1157 3731 ‘Rhetorcs
1178 3675 1288 3746 graeci'
1306 3676 1318 3730 l
1337 3692 1364 3746 p.
1378 3676 1432 3732 432
1453 3677 1492 3733 ed.

365 3761 499 3831 Spengel:
520 3758 565 3814 καί
579 3759 747 3826 Μένανδρος
767 3761 798 3814 έν
813 3763 873 3814 τοῑε
885 3761 1146 3827 Ἐπιτρέπουειν
1164 3761 1220 3827 τὴν
1237 3759 1321 3827 δίκην
1340 3763 1411 3817 ἄνευ
1428 3779 1492 3829 προ-

366 3844 469 3910 οιμίων
487 3844 658 3909 πεποίηκεν·
678 3843 763 3897 οὐδέν
782 3845 813 3899 δέ
831 3845 979 3911 διαφέρειν
997 3846 1016 3911 ἢ
1034 3845 1156 3899 ἐνταῦθα
1175 3845 1271 3898 οῦτοι(
1293 3847 1367 3900 αίπὰ
1386 3849 1493 3912 astatur,

365 3930 427 3996 ἢέν
447 3927 634 3996 δικαατηρίοι(
652 3929 779 3992 λέγεεθαι
793 3969 798 3982 .
813 3971 840 3984 ..
861 3929 892 3982 έν
902 3931 957 3996 γὰρ
975 3935 1010 3999 τῇ
1022 3926 1215 3999 ’Ἐπικλήρῳ
1235 3931 1434 3997 δικαζομένων
1444 3937 1491 3986 τοῦ

364 4030 395 4068 τε
414 4015 520 4080 ἀνδρὸς
543 4011 588 4068 καὶ
610 4013 662 4078 τὴ(
684 4014 824 4082 γυναικός,
847 4013 893 4068 καί
910 4019 963 4068 τοῦ
982 4014 1097 4070 παιδίου
1116 4015 1295 4083 δικάζοντος,
1320 4016 1376 4069 οὐκ
1398 4019 1491 4084 έθηκεν

366 4098 509 4166 οὐδετέρῳ
529 4095 693 4164 προοίμιον.

455 4182 478 4247 ³)
496 4199 523 4236 ν.
539 4179 653 4238 1-165,
