2894 4824
276 374 339 435 154
698 381 813 436 Victor
833 380 975 448 Couton,

364 553 402 615 In
418 573 447 616 v,
464 556 526 617 146
543 554 668 618 ἅπαντα
683 560 729 637 τῷ
746 553 796 635 (R)
814 557 960 618 πλουτεῖν
979 555 1039 631 γάρ
1060 554 1122 618 ἐεθ’
1139 555 1264 632 ὑπήκοα
1283 552 1428 618 libroV

453 644 480 690 ἰ

273 705 411 769 traditur
432 657 500 770 viia.
536 707 732 771 Scholiastae
755 706 792 788 V,
822 726 896 769 cunr
920 706 1047 770 ἅπαντα
1071 710 1130 770 τοῦ
1156 707 1300 771 πλούτου
1327 709 1418 771 ἐετὶν

273 810 398 887 ὑπήκοα
427 813 476 873 καὶ
504 803 740 888 ὑποτεταγμένα
767 808 926 892 praebeat,
957 807 1043 872 haud
1075 809 1142 872 scio
1172 830 1213 872 an
1242 810 1408 892 genitiius

273 916 399 995 praesto
423 913 530 976 fuerit.
565 913 627 990 Qui
652 933 844 995 quamquam
873 913 1077 994 frequentius
1107 912 1214 976 dativo
1239 913 1409 978 invenitur

273 1017 324 1098 (cf.
341 1015 611 1080 Kuehner-Gerth
636 1015 688 1078 Gr.
706 1015 759 1078 Gr.
776 1015 821 1077 lll
842 1017 860 1096 ᾖ
880 1017 943 1078 417
973 1014 1078 1079 adnot.
1097 1017 1116 1078 6
1141 1036 1169 1098 p.
1187 1018 1274 1096 359),
1299 1020 1400 1080 tamen

191 1111 194 1118 ’
273 1118 401 1182 dativus
432 1118 471 1182 ab
502 1118 679 1182 editoribus
709 1122 858 1202 receptus
890 1119 967 1181 mihi
999 1119 1163 1202 probatur,
1195 1120 1317 1202 quippe
1350 1120 1399 1202 qni

273 1221 370 1305 vulgo
395 1222 588 1285 exhibeatur
611 1229 643 1285 et
666 1223 699 1284 in
721 1221 750 1281 V
774 1242 902 1304 quoque
926 1222 1069 1305 genitivo
1095 1223 1336 1305 superscriptus
1356 1224 1398 1285 sit

273 1325 340 1388 Iam
358 1345 432 1389 eum
444 1325 638 1407 Blaydesius
654 1325 799 1388 offensus
812 1325 971 1407 positione
985 1324 1159 1407 particulae
1173 1326 1234 1402 γὰρ
1248 1326 1283 1387 in
1299 1325 1398 1389 adnot

273 1427 313 1491 ad
337 1429 367 1490 h.
383 1450 412 1490 v.
433 1427 533 1492 dicat:
564 1428 765 1511 “Scripserat
792 1428 929 1491 fortasse
959 1428 1083 1491 ἅπαντα
1110 1429 1170 1506 γὰρ
1198 1434 1243 1510 τῷ
1268 1431 1398 1511 πλουείιρ

272 1532 335 1611 (vel
357 1535 415 1595 τοὺ
440 1534 600 1612 πλουείου)
625 1531 680 1594 ’cd’
696 1532 830 1613 ὑπήκοα,
846 1551 887 1595 ne
904 1531 977 1612 quis
997 1530 1185 1593 mutandum
1203 1550 1276 1593 esse
1296 1532 1400 1594 existi-

273 1638 339 1698 met
357 1635 503 1698 ordinem
521 1634 702 1715 verborum,
721 1635 809 1698 locos
829 1633 985 1716 quosdam
1005 1634 1188 1715 afferamus,
1208 1633 1330 1715 quibus
1346 1637 1399 1711 γὰρ

272 1741 346 1821 post
373 1737 554 1801 secundum
576 1738 629 1800 vel
651 1739 783 1801 tertium
812 1736 1005 1800 vocabulum
1034 1738 1174 1820 positum
1203 1741 1267 1801 ost:
1298 1739 1344 1801 Pl.
1363 1739 1398 1800 65

273 1844 298 1906 εἰ
316 1845 354 1920 μή
377 1843 505 1920 φράεειε
521 1843 591 1922 γὰρ,
615 1841 674 1904 Nb.
694 1842 779 1904 1198
805 1839 884 1920 ὑπερ
905 1842 934 1904 οἱ
953 1842 1124 1918 προτένθαι
1142 1841 1213 1922 γὰρ,
1238 1843 1298 1904 Aa.
1319 1842 1398 1903 1545

273 1947 318 2009 ἀεὶ
349 1945 420 2009 ποτ’
442 1945 625 2020 ἀνθρώποιε
651 1947 721 2025 γὰρ,
750 1943 801 2007 Ls.
823 1945 887 2006 489
920 1946 970 2006 διὰ
1001 1944 1171 2022 τάργύριον
1204 1948 1401 2022 πολεμοῦμεν

272 2049 348 2126 γάρ;
374 2048 432 2131 Vp.
451 2049 525 2128 814,
551 2048 613 2110 971
640 2048 740 2111 αὐτοῦ
765 2047 870 2124 μένων
895 2046 964 2126 γάρ.
1002 2046 1072 2122 Qua
1096 2047 1310 2110 collocatione
1335 2067 1401 2130 par·

272 2152 390 2215 ticulae
413 2153 474 2231 γὰρ
504 2152 648 2214 comicus
672 2149 706 2218 id
730 2150 863 2213 efficere
890 2152 924 2212 in
949 2151 1055 2213 arrimo
1085 2150 1238 2213 habuisse
1268 2150 1401 2230 videtur,

272 2258 309 2318 ut
328 2274 365 2318 ea
384 2275 457 2336 vox,
476 2255 511 2315 in
530 2274 627 2335 quam
643 2253 798 2316 orationis
814 2252 941 2336 pondus
958 2251 1169 2334 incumberet,
1189 2273 1263 2315 cum
1285 2254 1401 2316 nraiore

271 2359 304 2420 vi
324 2363 356 2421 et
374 2359 529 2441 gravitate
549 2358 729 2420 efferretur.
760 2356 806 2419 01.
827 2357 924 2419 etiam
942 2355 1018 2419 Eur.
1036 2355 1152 2419 Bacch.
1169 2357 1232 2418 477
1254 2358 1312 2420 τὸν
1329 2359 1401 2420 θεὸν

273 2462 355 2538 ὁρᾶν
382 2463 444 2540 γὰρ
472 2466 536 2543 ppt
564 2464 684 2540 capae,
713 2458 928 2522 neaeram
959 2461 993 2524 ἐν
1017 2463 1085 2524 τοῑε
1109 2458 1314 2537 Ἀλεξάνδρου
1343 2460 1401 2535 γὰρ

272 2565 395 2643 ὑβριζεε
413 2564 533 2645 aenon,
556 2563 653 2626 Herc.
672 2564 757 2625 1396
778 2565 827 2625 καὶ
844 2565 920 2627 τοὺ(
944 2563 1111 2626 εθὲνονταε
1130 2563 1199 2642 γὰρ,
1224 2561 1401 2644 Η1ρρ.468

273 2668 349 2731 οὐδὲ
373 2669 482 2744 ετέγην
505 2670 576 2747 γὰρ,
607 2668 691 2729 1005
718 2666 794 2729 οὐδὲ
821 2670 919 2729 ταῦτα
942 2668 1011 2747 γὰρ,
1041 2665 1298 2728 altaserram
1324 2666 1402 2742 κάρα

271 2773 331 2848 γὰρ
360 2770 549 2851 (mutatione
579 2769 682 2833 Geelii
713 2771 811 2832 παίεω
841 2771 901 2847 γὰρ
926 2769 1009 2847 ἧπαρ
1039 2768 1125 2831 haud
1153 2768 1221 2831 scio
1250 2788 1292 2830 an
1322 2786 1401 2850 opus

271 2893 337 2935 non
361 2873 421 2953 sit).
455 2872 507 2935 Ex
527 2873 723 2935 comicorum
748 2873 937 2954 fragmentis
962 2871 1102 2954 donique
1119 2871 1263 2934 Kockius
1283 2869 1324 2932 ad
1345 2875 1401 2933 Αν.

273 2978 358 3038 1545
380 2977 414 3037 in
431 2975 478 3038 ed.
496 2975 546 3039 ΙΙΙ
565 2977 650 3038 1894
670 2980 702 3038 et
721 2978 758 3039 Α.
775 2975 1023 3038 Kretschmarus
1043 2977 1076 3037 in
1094 2975 1201 3038 libello
1219 2974 1401 3038 academico

271 3078 341 3142 “De
361 3078 531 3141 Menandri
555 3079 702 3160 reliquiis
726 3098 830 3160 nuper
853 3078 1012 3160 repe1·tis''
1036 3078 1175 3161 (Lipsiae
1200 3079 1300 3157 1906)
1324 3097 1402 3140 non·

270 3184 377 3247 nullos
400 3183 498 3266 locos,
527 3203 608 3266 quos
632 3203 674 3246 ex
697 3183 824 3247 Jacobii
852 3183 994 3245 comicae
1023 3181 1173 3245 dictionis
1197 3181 1306 3244 indice
1331 3201 1355 3244 s.
1374 3201 1402 3244 ν.

270 3288 331 3366 γὰρ
354 3287 450 3350 1οο11ο
474 3307 600 3369 augeas,
625 3289 865 3369 congesserunt,
893 3285 949 3348 ubi
969 3286 1069 3348 multo
1090 3285 1186 3348 etiam
1210 3285 1403 3348 insolentius

270 3389 427 3471 particula
449 3390 510 3467 γὰρ
535 3389 691 3452 collocata
715 3392 772 3453 cst.

361 3491 398 3553 ln
424 3512 450 3553 r.
469 3493 533 3554 203
554 3492 735 3555 δειλότατόν
759 3491 858 3555 ἑεθ’ὑ
883 3495 1022 3555 πλοῦτοε
1046 3490 1185 3554 editores
1209 3492 1244 3553 iu
1263 3491 1402 3554 lectione

272 3595 301 3655 V
320 3600 352 3658 et
375 3595 472 3658 schol.
491 3595 671 3658 δειλότατον
695 3594 850 3657 adversus
874 3595 1055 3658 δειλότατα(
1074 3594 1102 3658 R
1121 3593 1308 3676 recipienda
1327 3614 1402 3656 con-

270 3698 414 3760 sentiunt
437 3697 534 3779 idque
553 3698 740 3760 rectissime.
774 3697 855 3760 Nam
880 3698 957 3760 satis
980 3700 1057 3761 nota
1080 3701 1129 3760 est
1152 3698 1206 3759 lex
1226 3696 1288 3776 illa,
1310 3716 1401 3778 qnae,

272 3820 346 3863 oum
370 3799 410 3863 de
434 3801 529 3863 certis
553 3801 659 3882 agitur
682 3800 867 3863 hominibus
891 3800 943 3863 vel
966 3800 1071 3878 rebus
1096 3799 1292 3863 adiectiaum
1311 3819 1402 3882 prae

271 3902 446 3967 dicativum
463 3907 519 3967 aut
534 3905 747 3968 masculinum
764 3907 820 3968 aut
834 3904 1027 3968 femininum
1045 3923 1114 3967 esse
1131 3903 1228 3984 iubet,
1249 3907 1401 3966 neutrum

270 4010 389 4087 contra,
415 4028 489 4070 oum
512 4008 552 4071 de
575 4028 693 4090 genere
717 4009 769 4072 vel
792 4007 966 4090 generibus
990 4007 1104 4090 agitur.
1137 4006 1183 4069 of.
1201 4005 1247 4068 Pl.
1266 4008 1332 4069 573
1358 4009 1401 4070 ὼε

270 4111 347 4173 ἔετιν
365 4108 493 4187 ἄμεινον
505 4112 595 4173 πενία
607 4112 755 4193 πλούτου,
768 4111 822 4174 Εο.
836 4112 898 4173 115
917 4112 1022 4174 δεινὸν
1039 4110 1068 4173 δ’
1081 4111 1159 4174 ἐστὶν
1172 4112 1190 4187 ἡ
1203 4111 1244 4186 μὴ
1260 4109 1400 4189 ’μπειρία

273 4212 330 4296 Vp.
348 4214 388 4276 27
420 4213 524 4276 δεινόν
552 4233 588 4287 γε
611 4213 714 4277 τοῦετ’
732 4213 902 4292 ἄνθρωποε
930 4213 1104 4291 ἀποβαλὼν
1133 4211 1228 4293 ὅπλα,
1259 4213 1318 4274 Ar.
1336 4213 1398 4275 451

270 4316 404 4395 δολερὸν
435 4319 491 4392 μὲν
523 4315 569 4380 ἀεὶ
598 4317 674 4379 κατὰ
702 4317 806 4380 πάντα
830 4318 869 4392 ὑὴ
897 4316 1018 4393 τρόπον
1047 4316 1189 4394 πέφυκεν
1218 4314 1400 4396 ἄνθρωποε,
