3406 4786
169 352 314 422 Epistulae
329 352 485 407 amatoriae
498 351 638 422 quomodo
652 352 824 406 cohaereant
836 367 900 405 curn
916 349 1012 420 elegiis
1022 349 1229 406 Alexandrinis.
1259 345 1300 407 57

170 525 291 589 trustra
310 525 372 588 sibi
396 524 569 588 conciliare
588 522 704 604 studet
728 528 783 587 aut
805 523 879 587 128
904 524 1125 606 querimoniae
1143 522 1303 605 amatoris,

171 628 227 710 qui
251 627 351 707 timet
374 645 416 690 ne
435 629 538 690 amata
558 632 690 710 propter
707 626 955 691 inconstantiam
974 646 1099 690 morum
1122 625 1222 690 fidem
1241 625 1303 689 sibi

169 750 235 794 non
256 732 370 811 servet
391 736 446 793 aut
468 729 502 793 Π
518 731 547 811 5,
572 749 635 812 qua
652 729 760 813 puella
778 748 887 794 amore
907 728 1082 794 citharoedi
1105 729 1304 792 inflammata

170 833 381 910 describitur3
410 833 492 897 aliae
520 831 559 896 ab
583 832 644 896 hoc
668 833 919 916 prosopopoeiae
947 851 1066 916 genere
1094 831 1225 916 paulum
1249 830 1304 897 de·

168 937 309 1001 flectunt
319 941 416 1018 atque
430 937 600 1000 mimorum
612 938 720 1020 potius
733 956 828 1019 quem
843 935 1028 1001 comoediae
1040 936 1124 1002 sales
1135 937 1303 1021 resipiunt,

168 1040 261 1105 velut
288 1039 369 1120 113,
399 1039 456 1103 ubi
485 1038 642 1103 causidici
670 1059 754 1103 uxor
781 1060 800 1103 a
828 1041 942 1104 marito
965 1040 1113 1124 neglecta
1138 1040 1303 1123 queritur,

168 1147 226 1208 aut
248 1143 266 1207 Ι
288 1144 307 1207 6
331 1143 527 1226 colloquium
552 1142 631 1206 illud
655 1143 741 1207 inter
758 1142 897 1226 puellam
916 1144 1060 1207 vitiatam
1080 1146 1112 1208 et
1134 1143 1303 1208 nutricem.

261 1250 354 1316 Aliae
382 1251 548 1315 continent
578 1250 809 1333 descriptiones
833 1251 1029 1333 (ἐκφράςεις),
1058 1269 1138 1333 quas
1161 1257 1195 1315 et
1216 1251 1304 1334 ipsas

168 1353 385 1418 arhetoribus
401 1354 619 1436 maximopere
636 1352 797 1417 adamatas
813 1371 883 1417 esse
896 1372 1007 1417 omnes
1023 1355 1132 1418 sciunt
1140 1354 1170 1433 ¹).
1188 1353 1304 1436 Itaque

168 1459 256 1522 siout
279 1456 423 1520 rhetores
441 1457 476 1519 in
496 1455 785 1521 declamationibus
803 1457 875 1534 περὶ
893 1457 1029 1522 κάλλους
1052 1456 1153 1539 (velut
1175 1455 1304 1520 libanii

168 1564 244 1624 tom.
253 1559 296 1623 IV
307 1580 337 1642 p.
348 1559 433 1623 1069
451 1557 500 1623 ed.
509 1558 646 1640 nesle),
659 1560 704 1621 ita
712 1558 936 1623 Aristaenetus
948 1559 982 1622 in
996 1560 1142 1643 epistulis
1151 1559 1304 1643 pulchras

169 1661 326 1728 describit
352 1662 485 1746 puellas,
514 1661 603 1726 velut
625 1661 717 1741 11²).
757 1661 802 1726 Ut
824 1662 970 1726 rhetores
994 1662 1170 1727 artificiose
1193 1662 1304 1726 hortos

166 1767 302 1830 lucusve
322 1763 503 1848 depingunt
511 1766 543 1845 ³),
567 1765 613 1827 ita
630 1764 856 1828 Aristaenetus
874 1765 908 1826 in
929 1763 1068 1847 epistula
1090 1764 1143 1828 13
1166 1767 1304 1848 pratum,

167 1869 271 1934 isdem
289 1868 343 1932 ille
363 1866 493 1950 quidem
511 1886 591 1931 usus
608 1865 779 1949 coloribus,
798 1865 917 1949 quibus
937 1870 969 1930 et
984 1866 1146 1931 Homerus
1162 1867 1196 1929 in
1213 1868 1304 1931 horto

169 1973 301 2037 Alcinoi
321 1973 353 2035 et
371 1971 461 2034 Plato
480 1971 513 2033 in
530 1970 599 2053 ripa
618 1969 703 2034 Ilissi
724 1968 984 2051 describendis4).
1014 1969 1095 2033 Cum
1114 1969 1305 2054 descriptio·

168 2075 267 2139 nibus
280 2081 348 2138 arte
360 2073 533 2139 cohaerent
541 2072 654 2137 laudes
664 2072 830 2154 (ἐγκώμια),
841 2091 920 2155 quas
932 2072 1008 2137 inde
1019 2072 1058 2136 ab
1069 2073 1305 2156 antiquissimis

168 2176 369 2262 temporibus
387 2178 422 2239 in
439 2175 585 2260 epistulis
605 2193 733 2257 quoque
753 2174 901 2239 excultas
918 2193 989 2239 esse
1008 2195 1106 2260 supra
1121 2174 1304 2261 vidimusi).

169 2281 216 2346 Ut
237 2280 384 2343 rhetores
408 2277 569 2362 Cephalus
593 2283 625 2342 et
647 2277 840 2361 Alcidemon,
868 2278 1094 2344 Aristaenetus
1118 2280 1304 2344 meretrices

169 2383 321 2448 laudavit
352 2380 443 2446 Idem
462 2381 548 2462 iecit
568 2384 604 2445 ut
622 2383 832 2465 exposuimus
841 2382 874 2463 ⁶),
893 2380 1056 2465 Alciphro‚
1076 2396 1177 2464 aquo
1197 2387 1304 2446 tamen

142 2487 398 2550 Aristaenetus
422 2504 460 2549 co
483 2482 651 2567 discrepet
680 2483 765 2566 quod
790 2503 857 2547 non
881 2487 1033 2565 mortuas,
1057 2482 1116 2549 sed
1138 2485 1229 2548 rivas
1253 2503 1305 2550 cc·

264 2639 282 2704 ¹)
301 2636 341 2692 Ci.
350 2635 472 2690 Theonis
486 2651 547 2705 cap.
556 2636 592 2689 xl
602 2635 690 2706 (Walz
703 2636 722 2689 l.
733 2636 750 2689 l.
764 2635 775 2689 l
789 2652 814 2704 p.
824 2636 887 2702 239,
899 2635 1019 2705 Spengel
1033 2636 1051 2689 l.
1062 2637 1079 2690 l.
1094 2635 1242 2706 11p.118):
1262 2637 1304 2691 ἐκ·

171 2721 274 2788 oporte
293 2721 348 2774 ἐετι
367 2721 452 2785 λόγος
471 2722 721 2787 περιηγηματικός,
742 2720 871 2786 ἐναργῶς
889 2720 937 2774 ὑπ’
958 2720 1027 2785 ὄψιν
1047 2722 1127 2785 ἄγων
1144 2722 1179 2774 τὸ
1199 2722 1302 2787 δηλού-

173 2823 267 2871 μενον.
291 2805 396 2870 γίνεται
420 2808 451 2859 δέ
474 2807 608 2872 ἔκφραςκ
631 2806 799 2871 προςώπων
822 2822 853 2859 τε
872 2805 917 2859 καλ
941 2805 1120 2871 πραγμάτων
1138 2805 1183 2860 καλ
1202 2807 1303 2860 τόπων

171 2891 215 2944 καὶ
235 2892 360 2958 χρόνων.
385 2892 553 2957 προςὼπων
575 2892 624 2956 μὲν
645 2891 705 2958 οῦν,
726 2889 790 2944 οἷον
808 2893 843 2944 τὸ
863 2891 1038 2957 Ὀμηρικόνῑ

338 3048 342 3057 ¹
384 2981 468 3048 Γυρὸς
487 2981 518 3034 ἐν
538 2982 646 3047 thuein,
669 2981 869 3048 μελανόχροος,
890 2981 1094 3048 οὐλοκάρηνος,

240 3072 341 3125 τόπων
360 3073 399 3137 δέ,
420 3070 484 3124 οἷον
503 3075 649 3135 λειμῶνος.

264 3155 285 3226 ¹)
304 3156 356 3210 Per
382 3173 412 3211 se
438 3156 531 3225 ipsum
554 3157 707 3210 verisimile
733 3159 776 3210 est
802 3155 1006 3225 descriptiones
1032 3155 1098 3223 περὶ
1117 3156 1237 3210 κάλλους
1262 3155 1305 3210 in·

172 3242 294 3311 scriptas
306 3239 401 3295 multis
414 3240 485 3295 locis
499 3241 695 3296 communibus
714 3240 788 3294 inter
806 3256 836 3295 se
855 3257 1023 3310 congruere3
1043 3256 1114 3310 quos
1126 3241 1233 3308 Rohde,
1251 3241 1307 3295 Der

173 3325 348 3396 griechische
366 3325 494 3380 Roman²
518 3342 544 3394 p.
559 3325 612 3380 160
622 3341 682 3396 sqq.
707 3329 840 3380 accurate
859 3329 1012 3380 enumerat.
1032 3324 1082 3394 (Cf.
1103 3325 1188 3380 etiam
1206 3323 1306 3380 Rohde

263 3496 286 3566 ⁸)
312 3495 521 3565 Descriptiones
549 3496 695 3550 hortorum
723 3501 751 3551 et
782 3497 909 3551 lucorum
943 3501 1166 3551 commemorant
1194 3499 1307 3566 praeter

173 3581 315 3636 Theonem
335 3582 352 3635 l.
361 3596 384 3636 c.
398 3581 529 3635 Horatius
542 3581 621 3649 (artis
635 3582 763 3650 poeticae
781 3597 806 3635 ν.
819 3580 871 3649 16),
886 3581 999 3635 Persius
1014 3587 1067 3636 sat.
1080 3582 1091 3635 l
1106 3581 1149 3649 70,
1164 3581 1306 3636 luvenalis

173 3674 225 3723 sat.
242 3669 253 3722 l
271 3668 296 3733 1,
310 3669 335 3735 7,
355 3666 489 3722 Libanius
509 3667 586 3736 (tom.
600 3667 634 3721 IV
653 3684 678 3736 p.
693 3667 762 3722 1077
782 3666 825 3721 ed.
843 3666 964 3735 Reiske).

264 3755 286 3821 ⁴)
316 3752 430 3807 Talibus
461 3752 696 3821 descriptionibus
733 3751 892 3806 fabularum
930 3752 1142 3807 romanensium
1174 3756 1306 3807 auctores

174 3843 287 3908 praeter
310 3844 420 3892 ceteros
445 3838 487 3892 uti
509 3853 568 3892 non
588 3841 639 3904 est,
658 3836 733 3907 quod
752 3852 899 3905 moneam3
920 3838 1049 3892 conteras
1073 3837 1148 3907 apud
1168 3838 1305 3893 Achillem

174 3923 285 3978 Tatium
308 3923 371 3977 115
395 3921 613 3990 descriptionem
632 3922 706 3977 horti
730 3926 758 3976 et
776 3921 823 3975 14
848 3923 983 3991 pulchrae
1003 3923 1136 3977 mulieris.
1168 3922 1305 3992 Epistolo·

175 4008 298 4077 graphos
322 4023 407 4076 saepe
431 4007 460 4060 in
480 4006 718 4075 descriptionibus
737 4011 867 4061 versatos
887 4024 949 4062 esse
973 4008 1059 4062 etiam
1081 4008 1189 4063 Plinius
1214 4008 1306 4078 docet,

174 4095 252 4148 velut
270 4092 350 4160 1117,
370 4108 426 4161 qua
445 4093 567 4161 epistula
586 4093 808 4148 ‘Laurentinum’
827 4110 909 4148 suum
929 4092 1062 4164 depingit.

266 4179 288 4247 ⁸)
306 4179 396 4248 Supra
416 4195 441 4247 p.
455 4179 488 4233 21
500 4196 560 4250 sqq.

268 4265 289 4334 ⁸)
307 4265 398 4334 Supra
416 4281 442 4333 p.
455 4265 491 4319 39
501 4282 542 4336 sq.
