3288 4908
392 381 412 444 8
664 389 668 398 '
820 384 855 438 M.
875 384 1098 454 lleinemann,

392 559 688 626 Alexandrinorum
704 555 876 641 praecipue
892 557 1102 640 exscripsisse
1118 561 1150 622 et
1169 558 1333 624 rhetorice
1356 578 1521 624 exornasse

392 665 425 732 et
440 662 654 746 amplificasse
666 661 704 744 ι);
722 658 870 742 equibus
886 657 1123 724 comoediarum
1137 665 1327 745 argumenta
1340 663 1379 726 in
1393 665 1522 728 earmina

391 766 609 832 Romanorum
625 781 721 848 saepe
736 761 874 826 fluxisse
890 764 1026 846 posse¹t
1050 762 1221 830 Praeterea
1236 768 1353 850 poetas
1371 765 1522 830 Romanos

391 868 573 936 comoedias
603 869 702 952 ipsas,
733 867 875 930 carmina
906 864 1065 948 bucolica,
1098 865 1231 949 elegiae,
1261 888 1347 951 quae
1384 870 1523 950 antiquas

390 971 516 1038 fabulas
532 969 759 1050 continuerint,
771 973 808 1032 ut
822 968 1007 1032 Antimacbi
1025 973 1057 1033 et
1068 968 1358 1054 Hermesianaotis,
1374 971 1524 1055 expilasse

391 1075 470 1142 dicit
478 1077 512 1156 ⁸).
545 1074 647 1140 Vides
675 1072 776 1156 igitur
801 1070 972 1146 Jacobium
999 1070 1135 1156 probare
1164 1073 1296 1138 studere
1324 1081 1444 1158 poetas
1471 1073 1525 1137 ele-

390 1179 499 1264 giacos
525 1178 686 1244 Romnum
714 1174 818 1240 solum
846 1173 963 1239 talibus
986 1174 1144 1258 iontibus,
1175 1175 1287 1258 quales
1311 1179 1417 1242 etiam
1441 1175 1524 1240 nobis

390 1284 509 1350 servati
532 1287 616 1364 suut,
638 1281 673 1345 in
693 1277 922 1364 componendis
946 1279 1059 1363 elegiis
1082 1298 1159 1344 usos
1183 1298 1264 1345 esse.

480 1385 582 1451 Paulo
594 1387 667 1469 post
678 1384 699 1450 J
701 1381 849 1448 acobium
862 1380 927 1446 duo
943 1383 1004 1446 viri
1018 1381 1112 1464 docti,
1126 1381 1312 1448 Theodorus
1327 1383 1496 1448 Gollnisch
1505 1387 1525 1462 ⁴)

391 1493 424 1555 et
447 1488 521 1554 Otto
542 1487 719 1568 Orusiusll,
740 1485 779 1550 de
799 1485 910 1568 elegiis
929 1484 1162 1550 Alexandrinis
1181 1485 1424 1552 disseruerunt.
1448 1485 1525 1563 Quo

390 1611 463 1658 rum
495 1590 713 1656 Gollnischins
747 1587 888 1652 maxime
923 1589 1071 1671 sequitur
1100 1589 1276 1654 sententias
1311 1609 1444 1670 eorum,
1474 1589 1524 1671 qui

390 1693 486 1778 primi
509 1694 592 1758 hanc
616 1691 837 1776 quaestionem
857 1695 1043 1774 mactarunt,
1071 1690 1115 1754 ita
1136 1697 1252 1774 tamen
1273 1695 1311 1758 ut
1333 1713 1406 1758 non
1427 1693 1523 1758 solum

391 1795 519 1882 singula
541 1797 730 1880 argumenta
753 1793 929 1877 elegiarum
951 1793 1170 1858 Romanorum
1197 1814 1215 1860 e
1239 1795 1442 1862 carminibus
1469 1795 1524 1860 elo

390 1901 493 1986 giacis
520 1899 672 1982 fluxisse,
696 1898 753 1963 sed
777 1897 873 1962 etiam
901 1900 981 1962 tota
1009 1897 1178 1962 carmina
1202 1897 1334 1982 Tibulli,
1361 1899 1524 1984 Propertii,

391 2003 498 2070 Ovidii
520 2003 570 2067 his
586 2001 695 2068 deberi
713 1999 894 2068 contendat
916 2000 1009 2078 Quod
1025 2001 1069 2064 ita
1085 2019 1120 2066 se
1136 2001 1253 2067 habere
1270 2008 1307 2067 ut
1321 2003 1448 2087 probet,
1464 2003 1523 2085 api-

390 2107 492 2178 stulas
518 2105 687 2172 amatorias
710 2105 812 2170 Flavii
836 2103 1021 2170 Philostrati
1045 2108 1078 2170 et
1096 2103 1291 2172 Aristaeneti
1315 2127 1394 2173 cnm
1419 2106 1523 2191 elegiis

391 2209 544 2275 Romanis
564 2210 713 2274 accurate
733 2207 858 2272 confert
876 2209 918 2290 et,
937 2206 1024 2290 quod
1043 2207 1078 2270 in
1097 2207 1148 2272 his
1167 2211 1200 2274 et
1217 2209 1281 2274 illis
1300 2211 1416 2276 eadem
1437 2230 1522 2292 argu·

390 2315 499 2378 menta
527 2310 640 2378 eodem
664 2310 757 2376 modo
781 2311 865 2375 inter
887 2329 922 2395 se
950 2329 1045 2395 saepe
1070 2313 1242 2378 coniuncta
1271 2315 1351 2396 sint,
1377 2313 1522 2400 epistola

389 2417 529 2500 graphos
549 2422 581 2482 et
602 2421 712 2501 poetas
731 2415 905 2499 elegiarum
924 2413 964 2478 ad
981 2414 1093 2479 eadem
1115 2415 1320 2501 exemplaria,
1343 2418 1386 2482 ad
1409 2417 1520 2500 elegias

390 2519 639 2604 Alexandrinas,
648 2522 810 2604 spectasse
822 2519 908 2583 dicit
925 2518 1048 2596 Quodsi
1058 2517 1279 2584 Gollnisclnius
1291 2523 1382 2586 recte
1394 2521 1520 2587 iudicat.

390 2622 560 2706 ampliores
584 2622 705 2707 elegiae
731 2620 973 2688 Alexandrinae
999 2641 1034 2687 re
1059 2641 1136 2688 vera
1162 2625 1348 2707 recuperari
1372 2625 1517 2710 possunt:

390 2725 539 2809 sequitur
561 2729 677 2808 autem,
696 2728 733 2790 ut
750 2725 881 2809 ingenio
905 2729 1072 2810 poetarum
1100 2725 1318 2791 Romanorum
1346 2727 1431 2792 nihil
1457 2726 1518 2790 iere

391 2827 553 2910 debeatur,
577 2827 634 2894 sed
656 2833 694 2894 ut
710 2828 866 2911 Tibullus,
885 2829 1080 2914 Propertius
1101 2828 1238 2895 Ovidius
1261 2831 1344 2894 nihil
1367 2833 1433 2896 nisi
1457 2848 1517 2894 car·

390 2931 478 2995 mina
502 2931 625 2996 Graeca
647 2931 682 2995 in
705 2930 854 2998 Latinum
879 2932 1109 2997 transtulerint.

479 3033 583 3100 Aliter
601 3033 744 3116 Orosius,
769 3035 825 3117 qui
848 3034 867 3098 l.
880 3034 899 3098 l.
924 3033 964 3100 de
983 3037 1098 3100 natura
1117 3035 1239 3120 elegiae
1259 3035 1397 3118 disserit,
1417 3043 1514 3100 osten-

390 3136 466 3202 dere
499 3135 607 3201 studet
635 3135 875 3202 Alexandrinos
905 3138 1039 3222 elegias,
1072 3137 1190 3220 quibus
1225 3137 1265 3204 de
1299 3157 1334 3204 se
1369 3139 1512 3224 agebant,

389 3239 571 3323 scripsisse;
588 3259 664 3302 nam
682 3239 849 3304 contendit
861 3239 1019 3305 Philetam
1035 3239 1156 3324 elegiis,
1173 3261 1252 3324 quas
1265 3241 1380 3306 Bittidi
1397 3247 1511 3308 aniane

390 3340 559 3424 dedicavit,
583 3361 707 3407 amores
731 3361 806 3407 suos
830 3345 994 3408 tractasse.
1028 3343 1121 3421 Quod
1145 3344 1190 3408 ita
1213 3363 1248 3410 se
1272 3345 1392 3412 habere
1416 3361 1514 3410 erer-

485 3503 504 3568 ¹)
524 3501 623 3558 Rhein.
636 3501 766 3557 Museum
785 3501 820 3558 60
840 3501 932 3572 (1905)
951 3518 978 3571 p.
991 3501 1036 3558 81.

480 3593 503 3662 ¹)
520 3591 620 3648 Rhein.
635 3591 762 3646 Museurn
781 3591 817 3646 60
835 3591 927 3660 (1905)
946 3607 971 3662 p.
985 3591 1028 3646 82.

481 3683 503 3752 ³)
522 3681 621 3737 Rhein.
635 3681 764 3736 Museum
782 3681 818 3735 60
836 3681 929 3752 (1906)
948 3699 974 3751 p.
987 3681 1031 3737 82.

481 3773 503 3840 ⁴)
520 3769 1510 3842 TheodorusGollnisch,Quaesti0nesElegiacae.Dissertllratisllttlb

484 3861 506 3932 ⁸)
527 3861 642 3916 Crusius
659 3861 689 3915 in
705 3860 930 3931 Encyclopaedia
946 3861 1186 3930 Pauly-wissowa
1200 3863 1221 3917 V
1233 3863 1370 3934 2260sqq.
1386 3863 1439 3920 sub
1452 3874 1510 3916 rote

389 3947 511 4017 'Elegie’.
530 3975 565 3988 -
584 3947 716 4001 Dolernus
734 3949 816 4010 certe,
837 3945 912 4014 quod
930 3950 958 4000 at
976 3945 1167 4002 Gollnisehius
1186 3945 1230 4016 (ci.
1248 3947 1265 4001 l.
1280 3947 1297 4001 l.
1317 3964 1343 4017 p.
1359 3947 1393 4002 13
1403 3947 1469 4018 sqq.)
1487 3945 1509 3995 et

391 4031 507 4088 Crusius
532 4031 577 4102 (ci.
595 4031 613 4087 l.
626 4031 644 4086 l.
669 4049 694 4101 p.
708 4031 787 4086 2260.
808 4031 887 4086 2263.
907 4031 986 4086 2267.
1006 4029 1085 4086 2279.
1105 4029 1185 4087 2280.
1204 4031 1283 4088 2284.
1307 4031 1379 4088 2292
1390 4049 1447 4104 sqq.
1469 4026 1509 4082 ad·

390 4116 562 4184 notationes)
581 4131 673 4186 pauca
685 4119 793 4172 tantum
808 4133 823 4170 a
836 4116 946 4172 lacobii
960 4117 1207 4172 dissertatiuncula
1224 4117 1349 4174 delibare
1362 4115 1507 4188 potuerunt

391 4215 454 4256 curn
474 4200 598 4270 ipsorum
618 4201 826 4256 lucubrationes
846 4201 882 4257 ad
906 4201 990 4258 finem
1009 4201 1065 4258 iarn
1085 4202 1239 4272 perductae
1263 4207 1368 4271 esseut,
1392 4219 1454 4260 cuna
1469 4199 1508 4254 lla

390 4285 419 4340 in
439 4286 580 4356 publicum
601 4287 739 4342 ederetur.
