3354 4930
600 1315 912 1392 PRAEFATIO.

282 1529 364 1593 Cunr
391 1531 470 1592 milri
500 1531 696 1613 propositum
725 1531 768 1593 sit
790 1530 829 1594 de
852 1530 1039 1595 Tertulliani
1068 1532 1156 1612 libri,
1185 1534 1241 1616 qui
1275 1535 1322 1596 in-

192 1637 342 1701 scribitur
361 1635 540 1702 ‘Adrersus
559 1637 727 1718 Praxeau’,
752 1639 917 1702 nonnullis
937 1639 1016 1702 loeis
1036 1641 1240 1722 quaestiones
1261 1643 1321 1705 ori-

193 1745 271 1809 tioas
290 1745 468 1826 instituere,
488 1745 595 1809 facore
615 1765 678 1808 non
699 1764 838 1828 possum,
859 1747 937 1828 quin
956 1747 1108 1830 incipiam
1125 1747 1164 1812 ab
1182 1749 1320 1812 Aemilio

193 1851 414 1934 Kroymanao‚
439 1872 535 1934 quem
564 1852 604 1916 de
632 1853 787 1936 scriptore
815 1857 924 1917 nostro
954 1855 1172 1938 recuperando
1202 1857 1321 1940 optirne

195 1961 340 2025 nleritum
365 1979 436 2024 esse
461 1979 555 2025 nemo
576 1960 714 2045 negabit
739 1963 793 2043 qui
814 1962 936 2044 priores
956 1960 1114 2026 editiones
1135 1964 1320 2048 inspexerit,

196 2067 272 2130 Onna
297 2075 370 2131 santo
395 2088 469 2132 euni
495 2068 634 2132 editores
657 2068 697 2132 ad
721 2069 888 2132 arbitrium
913 2089 1007 2132 suum
1033 2073 1218 2134 contextum
1245 2092 1320 2134 oan-

194 2175 372 2240 stituissent
393 2213 435 2224 -
452 2177 580 2259 exoipio
604 2177 717 2258 utique
741 2176 1045 2240 Reiffersolnaidium
1068 2183 1101 2242 at
1122 2177 1320 2259 Wissawam,

193 2284 247 2364 qui
264 2283 397 2366 primam
411 2290 532 2367 partem
545 2283 696 2348 editionis
707 2283 967 2348 Vindobonensis
983 2295 1177 2348 curaverunt
1191 2321 1239 2366 -,
1258 2307 1320 2350 non

193 2397 392 2474 separassent
420 2392 556 2475 optimos
586 2391 714 2456 oodioes
742 2413 761 2456 a
788 2392 1009 2470 deterioribus,
1035 2392 1263 2474 Kroymannus
1286 2395 1319 2457 in

194 2498 333 2564 editione
350 2519 409 2564 sua
421 2501 443 2582 ¹)
458 2505 577 2564 rectam
594 2501 759 2583 ingressus
775 2507 824 2565 est
841 2500 932 2564 viam.
958 2501 1085 2564 Primus
1101 2501 1134 2564 in
1152 2501 1322 2568 ‘Kritiarde

199 2605 395 2673 Vorarbaiten
422 2607 482 2690 frti·
508 2609 568 2673 dea
596 2611 626 2672 3.
649 2607 717 2672 aad
745 2609 773 2671 4.
796 2608 893 2672 Boad
919 2609 977 2673 der
1006 2630 1103 2674 maren
1130 2607 1321 2674 Tertullian-

193 2715 322 2800 auayade
344 2717 428 2796 (Act
451 2717 507 2779 Aa.
530 2715 618 2779 Caes.
636 2715 731 2778 Vind.
756 2717 828 2797 143,
852 2717 1051 2796 ann.1900)'
1080 2715 1320 2800 demonstrarit,

194 2823 303 2902 quanti
320 2825 471 2887 momenti
486 2822 786 2906 Montepessnlanns
804 2827 836 2887 et
847 2823 1103 2888 Paterniaoensis
1116 2824 1243 2889 codices
1256 2826 1321 2888 sint

193 2929 232 2992 ad
256 2930 489 2994 restituendum
519 2934 721 3012 contextum,
750 2933 980 3014 egregiumque
1009 2931 1156 2996 codicum
1186 2935 1319 2997 stenima

194 3036 285 3100 nobis
297 3040 468 3122 proposuit.
489 3039 527 3101 In
542 3039 648 3102 verbis
659 3039 811 3121 genuinis
823 3039 946 3102 auctori
958 3040 1167 3104 restituendis
1179 3042 1320 3104 maxima

192 3146 363 3227 sagacitate
383 3151 431 3210 est
450 3166 536 3228 usus,
556 3146 666 3210 multis
682 3147 820 3228 egregiis
844 3137 1039 3210 coniecturis
1060 3167 1213 3231 persaepe
1233 3148 1320 3212 dilli-

193 3251 325 3318 aultates
354 3273 371 3317 e
401 3254 506 3319 medio
534 3254 671 3318 sustulit.
709 3253 828 3318 Mirum
858 3275 921 3318 non
951 3261 999 3318 est
1025 3256 1057 3317 in
1088 3263 1237 3339 corrupto
1267 3257 1319 3319 illo

192 3359 272 3422 libro
297 3381 348 3425 me
372 3362 481 3426 multis
505 3362 585 3426 lacis
610 3363 671 3426 alia
696 3361 789 3426 modo
813 3369 910 3444 atque
938 3380 1011 3426 eum
1041 3365 1220 3428 sententiae
1244 3364 1319 3427 sub-

193 3469 302 3532 venire
320 3476 466 3534 conatum
486 3489 557 3534 esse
573 3507 615 3516 -
631 3472 658 3532 si
672 3472 744 3552 quis
757 3470 929 3552 perlegerit
940 3469 1058 3534 librum
1070 3470 1165 3552 illins,
1178 3471 1320 3536 aninrad-

193 3579 294 3640 vertet
306 3561 380 3640 enin
393 3581 555 3642 sescentas
568 3579 712 3661 signasse
725 3578 865 3658 lacunae,
881 3577 1001 3660 quibus
1014 3597 1094 3660 opus
1109 3598 1171 3641 non
1186 3583 1255 3643 erat
1267 3617 1319 3646 -.

192 3682 248 3746 sed
272 3689 394 3748 certum
421 3685 663 3749 tundamentum
688 3685 871 3749 coniciendi
896 3705 946 3748 nne
970 3685 1178 3766 Kroynianno
1202 3685 1319 3752 debere

191 3789 292 3855 libere
316 3793 466 3875 equidem
492 3795 653 3876 profiteor.

280 3899 376 3964 Nune
399 3921 501 3984 pauaa
525 3901 564 3965 de
589 3900 794 3980 oodioibusll.

280 4007 328 4071 Ex
343 4007 548 4072 Cluniaeensi
565 4009 738 4092 archetypo
756 4007 849 4072 hodie
866 4007 1030 4092 deperdito
1047 4008 1228 4075 deducendi
1244 4020 1320 4074 sunt

191 4115 254 4179 ‹luo
279 4115 421 4197 radices,
450 4117 506 4199 qui
536 4137 623 4180 nnnc
652 4121 775 4186 extant,
805 4116 1105 4199 Montepessnlanus
1128 4117 1186 4198 (Ml
1210 4155 1251 4163 -
1277 4139 1316 4181 ox

196 4225 404 4235 ——-

284 4269 302 4336 ¹)
320 4266 485 4322 Tertulliani
505 4285 621 4337 operum
641 4285 707 4336 pars
728 4267 760 4320 lll
780 4267 881 4336 (1906),
901 4267 982 4336 Corp.
997 4283 1049 4320 scr.
1065 4268 1131 4321 ercl.
1146 4269 1205 4322 liat.
1218 4269 1319 4324 XLl'll.

280 4359 300 4424 ¹)
320 4357 359 4410 (ll.
374 4357 546 4425 Kroymanni
566 4357 767 4426 praelationem
789 4358 817 4410 in
838 4356 955 4410 edsius
975 4357 1080 4411 maiore
1100 4362 1127 4411 et
1142 4359 1243 4412 librum
1257 4359 1317 4412 ‘Ka

195 4445 325 4512 roa-m·o.·‚
345 4463 427 4515 quern
448 4447 531 4501 modo
551 4447 672 4502 laurlavi.
