2894 4824
287 334 334 396 ed
711 345 829 400 Victor
848 345 991 417 Coelen,

284 514 400 597 pcsib's
424 515 471 578 dr
499 515 540 580 ad
567 519 647 580 ποτὲ
672 516 824 599 refertur,
858 537 924 582 non
948 517 1117 600 hebernus,
1147 540 1207 584 cur
1236 524 1421 604 pronomini

283 616 402 681 rubroc
422 617 504 682 bene
533 637 569 682 sc
597 619 726 683 habenti
749 620 851 683 iidem
873 620 1075 704 denegemus.
1107 622 1225 687 Suidee
1247 625 1310 708 ipsi
1339 625 1420 691 iilud

285 719 332 782 br'
357 720 486 784 crimini
509 720 698 786 vertendum
720 728 776 786 est
801 722 994 788 “Nescimus
1018 744 1059 787 en
1078 727 1265 790 memoriter
1287 746 1419 793 versun

282 821 442 886 leuderit''
467 830 555 888 recte
576 823 767 907 Bernhardy
790 826 825 888 in
848 825 954 890 edunt
977 827 1026 890 ad
1050 827 1079 891 h.
1096 827 1116 891 l.
1139 847 1163 892 s.
1180 848 1209 892 v.
1233 829 1350 906 meet.

374 925 413 990 In
442 946 470 990 τ.
494 928 581 990 1499
607 926 695 991 τοῦτ’
716 929 793 991 αὐτὸ
822 929 883 1006 γὰρ
911 930 965 992 καὶ
989 929 1141 1008 βούλομαι
1164 931 1186 996 S
1214 933 1347 998 exbibet
1369 937 1420 1000 καὶ

284 1029 405 1094 ornisso
424 1030 495 1112 γάρ,
519 1031 606 1113 quod
629 1031 707 1095 dent
725 1031 784 1097 RV
808 1033 925 1096 omioeo
949 1034 1009 1096 rui
1040 1033 1184 1117 Utraque
1204 1036 1367 1118 particum
1386 1042 1419 1101 et

283 1152 383 1197 sensu
401 1138 435 1198 et
453 1138 554 1200 metro
568 1137 751 1218 requiritur.
776 1136 889 1218 Ibique
907 1136 947 1200 cb
963 1137 1139 1201 editoribus
1156 1139 1243 1202 τοῦτ’
1259 1139 1337 1203 αὐτὸ
1356 1143 1417 1220 γόρ

283 1241 336 1301 καὶ
352 1241 512 1318 βούλομαι,
532 1239 616 1322 quod
637 1240 671 1303 in
691 1239 756 1304 MA
774 1241 909 1323 aliisque
929 1239 1096 1305 codicibus
1114 1242 1267 1306 traditum
1284 1247 1345 1325 est,
1367 1263 1416 1308 re·

284 1344 412 1425 ceptum
432 1361 502 1406 esse
521 1343 629 1426 probo.
653 1343 836 1427 Scripturas
854 1349 961 1408 eutem
977 1343 1036 1406 RV
1056 1349 1088 1407 et
1106 1344 1130 1409 S
1147 1345 1225 1410 inde
1241 1351 1327 1410 ortes
1346 1366 1418 1412 esse

283 1445 352 1507 reri
374 1445 478 1509 simile
503 1451 564 1527 est,
593 1445 680 1529 quod
707 1448 743 1510 in
769 1448 944 1530 archetypo
974 1449 1161 1512 coniunctio
1188 1451 1240 1512 roi
1264 1451 1300 1512 in
1324 1452 1417 1515 textu

283 1547 400 1610 emisse
422 1566 519 1630 supra
542 1551 602 1626 γὰρ
626 1549 746 1632 scripte
769 1557 853 1630 eret3
879 1570 943 1632 quo
966 1551 1088 1614 factum
1112 1558 1169 1632 est,
1192 1552 1284 1615 utin
1309 1552 1331 1616 S
1354 1554 1419 1632 γὰρ

282 1650 440 1715 vocabulo
463 1654 520 1733 καὶ,
544 1653 580 1714 in
602 1652 659 1716 RV
685 1656 736 1717 καὶ·
757 1653 812 1717 illo
836 1655 898 1732 γὰρ
920 1673 939 1717 e
962 1657 1118 1717 contextu
1142 1656 1311 1719 eiceretur.
1434 1716 1437 1725 .

801 1834 820 1915 e
847 1835 896 1896 ιι.

370 1960 409 2023 in
432 1960 536 2024 Piuti
564 1981 594 2025 τ.
615 1963 679 2025 801
705 1961 843 2026 ἀνὶεταθ
866 1963 911 2026 dec
940 1961 1162 2040 όριτατόρενοτ
1186 1967 1252 2027 τῶν
1277 1963 1414 2042 ἰτχόόιυν

281 2062 384 2146 Dind,
398 2065 505 2146 Mein,
516 2066 611 2147 Veis,
624 2065 677 2128 elii
690 2065 828 2129 editores
840 2085 898 2149 pro
910 2067 965 2129 τὰ(
979 2065 1106 2144 ἰεχάόατ
1118 2064 1176 2128 RV
1191 2066 1417 2150 scripturemS

280 2187 346 2230 nov
363 2168 498 2245 ἰτχάδων
515 2169 633 2250 optimo
646 2169 717 2232 iure
730 2167 912 2232 defendisse
925 2169 1082 2249 videntur,
1094 2172 1131 2232 ut
1143 2188 1225 2250 quae
1237 2169 1414 2251 speciosior

280 2270 324 2332 sit
340 2271 482 2353 genitivo
499 2271 649 2353 partitive
668 2279 808 2354 recepto.
837 2271 883 2335 Cf.
900 2271 1020 2334 similes
1036 2271 1216 2335 locutiones
1236 2271 1276 2334 ab
1293 2272 1416 2336 Aristo

279 2372 385 2455 phane
404 2380 573 2456 usurpatas
589 2374 623 2436 in
638 2373 716 2437 Ach.
731 2375 795 2438 184
814 2375 1017 2448 ξυνελέγοντο
1036 2378 1103 2437 τῶν
1120 2376 1226 2454 λίθων,
1247 2376 1311 2438 805
1329 2375 1414 2449 dver-

280 2477 365 2540 κάτω
388 2498 433 2540 τι(
455 2478 588 2540 ἔνδοθεν
608 2482 673 2540 τῶν
697 2477 845 2559 ἰτχόόων,
872 2478 930 2560 Eq.
947 2479 1012 2541 420
1036 2483 1103 2541 τῶν
1126 2482 1228 2554 κρεῶν
1251 2479 1413 2561 ἔκλεπτον,

280 2579 334 2643 Po.
348 2582 412 2644 772
430 2582 486 2644 δότ
502 2586 547 2664 τῷ
564 2584 719 2663 φαλακρῷ
736 2587 800 2645 τῶν
816 2583 1009 2661 τρωγαλίων,
1023 2583 1087 2644 962
1104 2585 1171 2645 τοῖς
1186 2586 1311 2646 θεαταῖς
1327 2582 1414 2660 ῥῖπτε

279 2687 345 2745 τῶν
369 2688 499 2763 κριθῶν,
526 2684 611 2746 1102
635 2688 701 2747 τῶν
724 2685 914 2762 τιιλόγχναιν
938 2685 1018 2763 φέρε
1041 2686 1141 2765 δευρί,
1168 2685 1253 2748 1136
1278 2685 1413 2762 κάνθρα-

280 2787 374 2850 κίζων
397 2787 612 2867 τούρεβίνθου,
636 2787 696 2869 Vp.
708 2788 771 2850 239
790 2789 921 2870 ,ἥψομεν
937 2791 996 2850 τοῦ
1020 2788 1189 2868 κορκόρου,
1212 2787 1282 2851 eliis
1308 2806 1370 2851 rss.

370 2891 508 2953 Avium
537 2911 565 2953 ιι.
587 2892 652 2953 336
677 2891 698 2954 S
728 2891 776 2954 sio
804 2890 952 2954 exhibet:
987 2891 1064 2953 ἀλλὰ
1091 2891 1173 2967 πρὸ(
1201 2893 1257 2966 μὲν
1280 2890 1414 2954 τούτου(

280 2990 412 3070 όττεροτ
430 2993 533 3074 λόγος,
553 2992 612 3056 RV
631 2995 712 3072 πρὸ(
732 2997 789 3071 μὲν
808 2993 868 3057 οὖν
892 2994 963 3075 (οὖν
983 3013 1044 3056 om.
1066 2992 1127 3073 V‘)
1150 2994 1208 3054 τὸν
1227 2991 1319 3069 ὄρνιν
1342 2992 1413 3069 ἡμῖν

280 3094 360 3159 ὲιιιν
389 3096 518 3174 όττεροτ
551 3097 654 3172 λόγοι,
689 3096 885 3160 Fritzsohius
914 3096 955 3159 ed
984 3095 1039 3158 Th.
1062 3096 1126 3158 910
1158 3094 1330 3158 lectionem
1354 3094 1413 3159 RV

280 3199 447 3283 amplexus
467 3206 523 3282 est
548 3221 623 3264 cum
641 3200 744 3282 Dind,
761 3200 867 3281 Mein,
883 3198 992 3279 Kock.‚
1009 3197 1131 3279 Βλογό,
1154 3197 1208 3260 elii
1233 3196 1414 3260 Porsonum

280 3312 501 3384 sequerentur,
526 3305 581 3386 qui
606 3325 623 3367 ιι
646 3304 754 3368 verbis
773 3304 794 3367 S
818 3303 982 3386 proiectus
1006 3302 1085 3364 ἀλλὰ
1108 3301 1190 3377 πρὸ(
1214 3303 1331 3363 τοῦτον
1355 3303 1415 3377 μὲν

279 3408 351 3484 ἡμῖν
368 3407 445 3470 ἐςτιν
461 3407 591 3486 ἴκτεροι
606 3408 703 3482 λόγος
718 3409 891 3490 proposuit.
918 3405 1016 3469 Recte
1034 3404 1172 3468 editores
1188 3408 1299 3466 contre
1315 3401 1414 3466 Friti-

279 3510 407 3573 echium
425 3530 600 3593 pronomen
624 3515 741 3575 τοῦτον
765 3510 967 3573 substantivo
989 3509 1046 3571 τὸν
1070 3507 1159 3583 ὄρνιν
1184 3505 1412 3587 praetulerunt

280 3611 388 3676 Verba
418 3615 505 3677 enim
533 3613 662 3692 ὓττεροι
688 3614 781 3689 λόγοι
812 3613 969 3677 sermonis
998 3611 1135 3674 forensis
1165 3613 1252 3688 sunt,
1282 3608 1317 3670 in
1348 3627 1412 3690 quo

279 3715 374 3780 οὖτα(
400 3722 535 3781 vocetur
558 3719 585 3779 is
609 3718 664 3800 qui
690 3724 867 3797 accusetur,
892 3718 929 3778 ut
951 3715 1013 3777 hoc
1036 3714 1106 3777 loeo
1130 3731 1246 3795 upupe
1283 3709 1417 3793 Optime

279 3819 379 3901 igitur
409 3821 466 3883 toti
496 3822 674 3884 sententiae
705 3821 857 3885 convenit
886 3822 1000 3882 τοῦτον
1029 3816 1075 3878 illi
1098 3818 1144 3879 τὼ
1173 3818 1209 3878 δὲ
1236 3815 1270 3877 in
1294 3834 1324 3876 ν.
1346 3816 1409 3877 337

279 3924 471 4005 oppositum.
493 3925 614 3986 Ansam
622 3928 731 3987 eutem
739 3917 1411 4004 verieescripturaededissevidetureccus

278 4029 336 4091 τὸν
352 4027 449 4107 ὄρνιν,
470 4027 525 4109 qui
544 4027 627 4090 haud
644 4027 711 4090 scio
727 4045 768 4089 un
790 4044 865 4088 oum
880 4022 1049 4104 Blaydesio
1073 4021 1230 4104 glossema
1248 4019 1415 4102 putandus

279 4131 321 4194 sit
343 4131 383 4194 ed
402 4135 518 4195 τοῦτον
538 4130 613 4193 olim
632 4129 838 4211 adscriptum.
863 4131 970 4209 Atque
990 4126 1086 4188 etiem
1105 4125 1184 4188 ἀλλὰ
1203 4123 1255 4186 hic
1275 4122 1357 4186 bene
1376 4139 1417 4186 ss

280 4234 382 4297 hebet
408 4234 552 4298 Praestet
571 4241 656 4297 certe
679 4234 772 4296 initio
792 4231 904 4294 talium
929 4230 1018 4293 chori
1042 4228 1295 4306 enuntiatorum,
1316 4224 1411 4307 quote
