3406 4786
192 361 340 429 Epistulae
354 361 510 417 amatoriae
524 360 665 430 quomodo
681 360 853 416 cohaereant
866 376 929 416 oum
944 361 1041 430 elegiis
1051 361 1258 416 Alexandrinis.
1288 356 1328 418 37

194 536 229 597 et
259 532 444 616 Antigonus
475 536 508 596 et
539 532 742 597 Ptolemaeus
773 551 865 616 reges
895 532 1136 614 instruxerunt,
1169 531 1330 617 depinxit,

193 635 390 719 Hippolochi
424 634 603 719 epistulam,
636 636 731 699 ouius
754 637 978 718 argumentum
1011 635 1052 702 ad
1083 633 1330 719 descriptionem

194 738 366 821 epularum
397 737 591 821 nuptialium
623 737 738 803 Caroni
771 738 956 804 Macedonis
988 739 1158 822 pertinuit,
1190 739 1330 802 novisse.

194 841 226 905 N
228 840 378 905 onnullas
397 841 551 923 reliquias
571 860 613 906 er
632 841 692 905 hac
711 842 908 923 Athenaeus,
932 841 989 924 qui
1008 842 1193 906 convivium
1213 841 1328 906 Caroni

195 951 347 1009 accurate
360 942 522 1025 describit,
535 943 574 1008 ad
590 943 723 1010 verbum
735 945 838 1009 affert
858 944 904 1009 cf.
921 943 1125 1009 laad-130
1135 943 1163 1007 d.
1184 946 1246 1008 126
1256 943 1285 1009 d.
1299 965 1330 1010 e:

195 1048 280 1112 ἀλλὰ
307 1049 371 1126 μήν
394 1050 443 1112 καὶ
462 1046 646 1126 Ἱππόλοχοε
671 1048 690 1111 δ
713 1048 872 1113 Μακεδὼν
896 1048 930 1112 ἐν
952 1054 989 1130 τῇ
1013 1048 1095 1127 πρὸ(
1118 1047 1239 1123 Λυγκέα
1266 1047 1330 1112 ἐπι-

196 1154 301 1232 στολῇ,
326 1149 365 1214 δι’
389 1150 426 1229 ἡ(
449 1149 609 1229 ἐμφανίζει
634 1150 855 1215 Μακεδονικόν
878 1171 906 1215 τι
930 1154 1064 1216 δεῖπνον
1087 1153 1271 1233 πολυτελείᾳ
1294 1152 1331 1214 τὰ

195 1253 302 1318 πάντα
329 1256 495 1332 πανταχοῦ
518 1254 675 1332 γενόμενα
703 1254 893 1335 ὑπερβαλόν,
923 1255 1110 1333 μνημονεύει
1138 1255 1183 1318 ὼε
1213 1254 1330 1335 ἑκάσῳ

195 1359 263 1419 τῶν
288 1358 507 1421 δειπνούντων
528 1357 693 1421 δοθέντων
712 1357 861 1435 μύιτρων
881 1361 1017 1436 χρυτῶν.
1050 1355 1100 1420 IX
1116 1357 1181 1420 402
1195 1376 1221 1420 a.
1251 1355 1332 1420 XIV

198 1457 301 1522 614d.
341 1458 454 1523 Altum
482 1457 599 1523 deiude
629 1458 811 1522 dotalibus
840 1458 986 1543 epistulis
1015 1459 1193 1541 silentium,
1225 1464 1330 1524 tamen

197 1564 230 1626 et
253 1563 390 1646 scriptas
414 1581 485 1626 esse
503 1562 625 1626 similes
649 1567 681 1626 et
703 1561 923 1626 arhetoribus
947 1562 1092 1626 excultas
1116 1561 1253 1646 spondet
1276 1562 1332 1626 Al-

196 1665 318 1748 oiphro.
343 1664 449 1729 Facile
469 1667 555 1728 enim
572 1668 621 1729 est
641 1665 782 1747 cognitu,
802 1685 899 1747 quam
915 1667 983 1728 arte
1003 1664 1091 1728 illius
1111 1665 1266 1749 epistulae
1283 1664 1332 1728 ΙΠ

196 1767 240 1830 46
253 1767 315 1843 (ΠΙ
329 1769 371 1831 10
384 1767 432 1831 ed.
443 1767 620 1851 Sohepers).
637 1767 687 1831 III
701 1768 818 1850 481111
832 1769 873 1831 12
887 1767 979 1849 Scht.
997 1768 1099 1832 11155
1111 1768 1172 1849 (III
1186 1770 1226 1832 19
1240 1767 1332 1849 sch),

197 1869 317 1952 quibus
349 1871 479 1952 parasiti
513 1871 675 1952 convivia,
709 1891 846 1953 quornm
878 1872 1051 1955 participes
1084 1877 1188 1953 eraut,
1221 1889 1330 1936 secum

197 1974 447 2054 communicant,
473 1993 548 2038 cum
564 1974 709 2057 epistulis
725 1973 849 2056 Lyncei
869 1977 901 2039 et
918 1973 1112 2058 Hippoloohi
1130 1975 1330 2039 cohaereant.

196 2076 371 2141 Praeterea
399 2076 476 2141 huic
501 2076 711 2160 epistularum
738 2076 851 2160 generi
878 2076 952 2140 illae
976 2076 1141 2160 epistulae,
1171 2096 1254 2159 quae
1278 2076 1332 2141 de-

196 2179 388 2262 scriptiones
413 2179 580 2263 epularum
599 2183 631 2243 et
651 2198 840 2262 pomparum
858 2180 1064 2243 meretricum
1085 2179 1261 2260 continent,
1285 2184 1331 2243 at-

196 2282 297 2346 tribui
320 2285 462 2366 possunt
499 2282 581 2347 th
602 2284 644 2345 39
668 2281 727 2363 (IV
746 2283 786 2344 14
811 2281 906 2364 Son),
931 2301 995 2365 qua
1018 2281 1151 2365 Megara
1174 2281 1328 2347 Bacchidi

196 2385 319 2467 scribit,
343 2384 460 2468 quibus
479 2384 576 2449 rebus
600 2386 785 2450 meretrices
809 2387 843 2448 in
867 2387 1016 2449 convivio
1040 2385 1187 2468 quodam,
1211 2386 1329 2467 inquo

196 2487 330 2571 Megara
353 2490 423 2572 ipsa
450 2488 573 2569 aderat,
602 2488 776 2552 delectatae
803 2488 875 2551 sint.
915 2487 996 2552 (lum
1027 2487 1192 2570 Lynceum
1221 2487 1332 2551 conri-

195 2592 285 2655 vium
311 2593 518 2656 meretricum
545 2591 697 2674 (Lamiae)
724 2593 788 2655 ium
813 2591 1022 2676 descripsisse
1050 2612 1148 2676 supra
1171 2611 1328 2676 exposue-

194 2695 313 2775 rimuS,
345 2695 569 2777 cognationem
597 2695 757 2777 quandam
780 2696 866 2760 iuter
893 2696 1047 2780 epistulas
1075 2696 1273 2761 meretricias
1298 2702 1329 2760 et

196 2797 382 2862 convivales
398 2798 619 2863 intercessisse
636 2801 769 2863 constat.
786 2835 829 2845 -
846 2798 1030 2863 Melesermi
1042 2801 1151 2863 autem
1162 2799 1328 2864 ἐπιετολὰτ

196 2901 407 2979 ευμποειακόιε
430 2901 495 2964 iam
519 2920 618 2985 supra
641 2902 971 2966 commemoravimus.

286 3008 472 3072 Amatoriae
488 3009 746 3074 narratiunculae
762 3009 889 3092 insigne
906 3009 1089 3092 exemplum
1106 3009 1141 3072 in
1153 3009 1326 3074 Aeschinis

196 3110 336 3195 epistula
354 3110 388 3175 X
406 3111 599 3193 invenimus
623 3113 718 3177 ouius
737 3114 850 3176 auctor
868 3114 955 3177 certe
975 3112 1056 3176 nihil
1075 3112 1238 3196 spectavit,
1262 3112 1326 3174 nisi

195 3217 232 3278 ut
242 3214 389 3296 legentes
400 3213 509 3297 lepida
519 3213 630 3278 fabula
642 3214 920 3294 delectarenturlt.
945 3214 1007 3279 Sed
1020 3233 1135 3298 neque,
1148 3234 1212 3297 qua
1224 3220 1327 3278 aetate

196 3318 376 3402 composita
409 3320 452 3381 sit
486 3319 636 3402 epistula,
671 3318 822 3402 equidem
851 3318 1109 3399 diiudicaverim,
1145 3318 1208 3381 nisi
1241 3317 1328 3400 quod

196 3420 416 3485 Alexandrino
433 3441 510 3486 aevo
527 3423 647 3506 scripta
661 3441 732 3486 esse
749 3421 885 3504 videtur,
901 3440 1007 3504 neque
1023 3427 1091 3486 arte
1107 3421 1162 3484 illa
1179 3421 1329 3485 cohaeret

196 3543 271 3588 eum
295 3523 483 3607 corporibus
503 3524 616 3589 talium
640 3526 866 3608 narrationum,
891 3543 974 3607 quae
997 3523 1037 3588 ab
1061 3524 1327 3608 epistolographis

197 3715 328 3781 Σαμίου
353 3716 574 3781 ευγγεγμόφθαι.
605 3715 713 3770 Alludit
736 3713 774 3770 ad
797 3731 860 3769 eam
885 3715 971 3770 etiam
994 3714 1128 3783 Alciphro
1152 3714 1186 3783 (ll
1207 3714 1328 3781 1‚8.lv

197 3805 230 3860 16
247 3805 336 3875 sch),
356 3821 412 3874 qua
425 3805 546 3874 epistula
558 3805 656 3859 Lamia
670 3805 810 3860 Demetrio
824 3804 951 3860 scribens
967 3803 1125 3859 inducitur:
1146 3805 1176 3858 εὖ
1195 3803 1260 3858 olbo
1273 3807 1327 3870 γὰρ

196 3896 239 3949 ότι
260 3896 295 3948 ou
315 3895 406 3960 μόνον
424 3895 454 3947 ἐν
471 3901 505 3964 τῇ
523 3893 704 3961 θημιππίδου
725 3893 805 3963 οίκίᾳ,
824 3895 855 3948 ἐν
874 3896 891 3964 ip
914 3895 1007 3961 μέλλω
1028 3909 1071 3948 τοι
1089 3895 1123 3947 τό
1143 3898 1204 3947 τῶν
1219 3890 1329 3961 Ἀφρο-

195 3984 293 4039 διείων
317 3983 491 4051 εὐτρεπίζειν
517 3987 641 4052 δεῖπνον,
666 3985 738 4038 term
765 3984 953 4050 διαβόητα(
977 3984 995 4050 ἡ
1023 3984 1235 4051 παραεκευή,
1260 3984 1329 4038 ἀλλὰ

194 4075 239 4128 καί
268 4076 299 4129 ἑν
329 4075 389 4141 όλῃ
418 4080 457 4142 τῇ
484 4073 676 4141 Ἀθηναίων
700 4074 812 4140 πόλει,
841 4074 876 4140 νὴ
896 4074 950 4140 τὴν
968 4070 1118 4141 Ἄρτεμιν,
1147 4072 1201 4127 καί
1229 4074 1263 4127 ἐν
1288 4079 1327 4143 τί]

194 4165 329 4219 Ἐλλάδι
348 4165 445 4231 ποίεῃ.
922 4202 925 4208 .

289 4256 309 4324 ¹)
329 4253 368 4307 Cf.
389 4253 494 4308 exitum
514 4254 666 4323 epistulae:
687 4254 717 4306 εὺ
737 4254 768 4306 δὲ
788 4254 822 4306 ἂν
842 4251 953 4321 ἱκανῶς,
973 4251 1060 4321 οἶμαι,
1079 4252 1227 4317 γελόιειαι.
