3248 4910
408 375 451 438 64
827 382 862 438 ld.
881 383 1107 452 Heinemann,

406 557 521 620 leirena
543 554 797 635 καταβάλλεεθαι.
830 553 857 621 εἰ
880 557 917 620 δέ
941 555 1013 634 μηδ’
1030 553 1136 621 οὕτω(
1158 555 1322 638 ἀνύοιμεν,
1349 555 1526 635 θερμοτέρου

405 657 491 722 τινὸς
513 657 585 736 ἡμῖν
607 657 712 737 ὥεπερ
735 661 800 723 τοῑε
825 658 953 738 εφδδρα
975 657 1125 737 κάμνουα
1148 661 1327 738 φαρμάκου
1353 661 1407 723 δεῖ
1424 660 1455 722 et
1470 658 1527 720 Ari-

406 763 569 826 staenetus
592 761 678 826 111:
708 763 910 842 χαριέετατον
933 757 1009 827 οἰδα
1035 764 1074 828 τὸ
1103 763 1232 842 (μικρὸν
1257 763 1449 828 δποκνίῑειν
1468 761 1528 825 rote

406 864 515 930 νέουε·
542 868 641 932 τοῦτο
668 866 729 944 γὰρ
756 869 824 930 τῶν
852 865 1049 946 ἀφροδιείιυν
1076 865 1326 944 προαναετέλλει
1352 867 1416 930 τὸν
1437 863 1527 944 κόρον,

405 967 456 1031 καὶ
482 968 538 1032 τάκ
561 968 684 1046 ἑταίρα(
711 967 931 1033 ἀποδείκνυαν
954 967 1001 1032 ἀεὶ
1024 968 1176 1034 ποθεινὰε
1201 971 1269 1032 τοῑε
1293 967 1444 1046 έραεταῑε

406 1069 456 1134 διὸ
484 1070 535 1136 καὶ
561 1073 640 1149 μέγα
661 1075 728 1135 τῶν
751 1071 943 1150 ἑταιρουτῶν
967 1069 1028 1136 teri
1056 1071 1191 1152 εδφιτμα
1219 1069 1268 1135 ἀεὶ
1294 1071 1336 1134 τὸ
1362 1070 1467 1148 παρὸν
1485 1071 1529 1145 ult

405 1170 611 1238 ἀπολαύεεαιε
634 1173 877 1253 δττερπθεμέναε
898 1177 966 1239 ταῑε
987 1173 1086 1240 ἐλαία
1108 1176 1284 1252 διακρατεῖν
1303 1175 1388 1238 τοὺε
1406 1171 1527 1252 ἑροττάτ,

406 1274 447 1338 ad
469 1273 556 1339 idem
574 1277 728 1360 spectant,
750 1278 859 1340 tamen
882 1294 993 1341 omnes
1018 1276 1076 1340 hos
1098 1276 1186 1342 locos
1208 1277 1267 1341 uni
1291 1277 1382 1341 lenti
1406 1294 1468 1339 non
1485 1271 1528 1336 de

405 1377 483 1462 beri,
495 1376 553 1443 sed
565 1397 752 1444 communes
764 1397 835 1444 esse
846 1378 1059 1463 scriptoribus
1071 1379 1210 1464 creticis,
1222 1398 1368 1462 quorum
1379 1376 1527 1461 exemplar

405 1481 470 1546 vita
493 1484 550 1564 est,
573 1487 711 1566 apparet

496 1583 585 1662 Quae
604 1604 679 1650 cum
697 1586 742 1649 ita
760 1586 834 1668 sint,
851 1584 946 1650 facile
962 1590 1012 1650 est
1028 1585 1194 1651 intellectu
1209 1585 1413 1652 Hoelzerum
1428 1602 1525 1662 erasse,

405 1706 480 1752 cum
504 1686 669 1753 contendit
696 1687 815 1772 elegias
839 1687 1076 1753 Alexandrinas
1103 1707 1214 1754 omnes
1238 1691 1432 1768 sententias,
1458 1703 1525 1768 quae

405 1791 437 1853 et
455 1788 541 1874 apud
559 1789 864 1875 comoediographos
883 1793 916 1856 et
935 1791 1020 1875 apud
1036 1791 1207 1874 scriptores
1224 1792 1368 1856 erotieos
1384 1790 1523 1873 legantru,

404 1891 673 1958 subministrasse.
710 1893 843 1960 Constat
864 1893 958 1958 nobis
980 1894 1069 1958 locos
1092 1893 1248 1978 quosdam
1267 1911 1458 1958 communes
1479 1909 1524 1974 per

404 1996 466 2061 hoe
480 1996 660 2062 litterarum
676 2016 779 2081 genus
791 2016 927 2081 sparsos,
944 2017 1025 2080 quos
1039 2000 1096 2061 aut
1111 1996 1152 2062 ad
1166 2003 1290 2062 certum
1306 1997 1433 2062 fontem
1448 2013 1523 2058 raro

404 2098 471 2164 cari
494 2118 650 2182 negemus
670 2105 725 2163 aut
748 2105 835 2164 certe
854 2099 976 2183 elegiae
993 2099 1234 2165 Alexandrinae
1258 2119 1324 2164 non
1350 2099 1521 2164 tribuamus.

494 2201 599 2266 Etiam
615 2202 672 2266 ubi
689 2203 874 2268 comoediae
890 2201 1056 2285 deliciunt,
1073 2203 1309 2286 epigrammata,
1326 2202 1455 2286 elegias,
1470 2197 1522 2282 epi·

403 2303 504 2368 strrlas
520 2303 677 2387 quaedam
692 2305 877 2369 communia
891 2305 1010 2370 habere
1026 2305 1091 2370 iam
1107 2324 1201 2369 nemo
1213 2303 1397 2368 mirabitur.
1421 2301 1521 2368 Paucis

404 2407 560 2492 exemplis
574 2427 643 2472 rem
655 2407 833 2472 absolvam:
850 2409 1049 2474 Aristaeneti
1066 2407 1236 2493 epistulam
1249 2409 1265 2472 Ι
1281 2409 1323 2474 18
1335 2404 1520 2491 Burgenae

403 2515 567 2594 comparat
594 2531 668 2576 cum
697 2511 854 2576 Stratonis
882 2513 1111 2596 epigrammate
1137 2511 1266 2576 Anthol.
1283 2511 1348 2576 Pal.
1368 2511 1436 2576 XII
1451 2507 1517 2572 198:

521 2641 651 2719 Ἡλικίηε
674 2643 769 2721 φίλοι
793 2641 851 2720 εἰμὶ
874 2641 926 2705 καὶ
949 2641 1068 2706 οὐδένα
1090 2643 1188 2705 παῖδα
1212 2639 1391 2722 προτάεεω,

573 2745 662 2824 Πρὸ(
686 2746 723 2809 τὸ
747 2747 846 2810 καλὸν
869 2747 1002 2825 κρίνων·
1027 2745 1104 2810 ἄλλο
1128 2745 1190 2826 γὰρ
1214 2744 1314 2810 ἀλλο(
1336 2745 1411 2826 ἔχει.

402 2871 504 2937 Nemo
529 2878 588 2955 est,
618 2873 674 2956 qui
700 2877 793 2958 putet
815 2875 952 2939 alterum
975 2873 1014 2938 ab
1038 2875 1137 2939 altero
1161 2873 1320 2958 pendere;
1348 2893 1427 2939 nam
1448 2871 1517 2936 Stra·

401 2977 487 3040 tonis
510 2977 705 3060 epigramma
733 2975 774 3041 ad
796 2997 937 3042 amorem
960 2977 1118 3062 puerilem
1143 2981 1278 3063 spectat,
1307 2979 1515 3043 Aristaenetus

402 3098 507 3144 mores
526 3079 663 3144 alicuius
681 3080 870 3163 meretricis,
889 3099 972 3163 quae
988 3099 1126 3145 amorem
1146 3081 1302 3148 iuvenum
1318 3081 1421 3146 amori
1438 3071 1514 3141 senili

401 3182 541 3266 praefert
570 3185 603 3247 et
633 3183 752 3266 causis,
783 3203 1006 3266 quaecumque
1034 3187 1123 3263 sunt,
1153 3183 1377 3251 adulescentes
1405 3174 1514 3247 amand]¹

402 3285 513 3370 utitur,
532 3284 692 3350 describit.
724 3285 787 3350 Sed
803 3292 975 3369 utrumque
991 3306 1093 3352 unum
1112 3288 1234 3354 fontem
1252 3289 1415 3373 respicere
1432 3279 1514 3347 mani·

401 3387 520 3453 festum
536 3390 592 3454 est
624 3389 705 3453 Nam
725 3389 811 3474 apud
835 3388 1002 3454 Platonem
1020 3390 1054 3454 in
1071 3389 1117 3455 ‘re
1135 3389 1275 3474 publica’
1298 3385 1513 3454 atto-tter

403 3489 575 3576 descriptio
599 3492 738 3556 hominis
763 3492 907 3573 eroticitl
929 3493 1103 3558 invenitur.
1135 3495 1278 3578 Apparet
1297 3496 1329 3558 et
1351 3494 1511 3558 Stratonem

494 3673 513 3744 ¹)
531 3673 580 3730 'De
592 3673 685 3730 Ovidii
702 3675 861 3730 carminum
874 3675 1075 3730 amatoriorum
1089 3675 1253 3731 inventione
1273 3680 1301 3731 et
1318 3677 1391 3732 arte·
1407 3692 1431 3746 p.
1445 3671 1510 3734 lasa.

493 3762 514 3834 ³)
533 3764 566 3818 'O
592 3764 651 3832 μέν,
678 3764 722 3818 δτι
746 3766 836 3830 cruor,
856 3763 985 3832 ἐπέχαριε
1010 3763 1122 3832 κληθεέε
1145 3765 1355 3832 ἐπαινεθήεεται
1374 3763 1510 3832 op’tmlv.

399 3853 452 3903 τοθ
472 3849 504 3904 δὲ
521 3849 555 3903 τὸ
576 3852 690 3915 γρυπὸν
711 3851 850 3916 βααλικόν
870 3866 944 3916 φατε
963 3849 1043 3918 εἶναι,
1067 3852 1120 3905 τὸν
1142 3851 1174 3905 δέ
1192 3851 1227 3918 δὴ
1247 3853 1294 3906 διὰ
1315 3851 1399 3917 μέτου
1417 3847 1511 3904 τούτων

401 3934 598 4001 ἐμμετρότατα
611 3935 693 4001 ἔχειν,
709 3935 829 4001 μέλανα(
848 3935 880 3989 δέ
893 3935 1044 4003 ἀνδρικοῦ(
1063 3937 1140 4004 ίδεῖν,
1159 3936 1276 3990 λευκοιλε
1294 3937 1326 3990 δέ
1339 3939 1416 3990 θεῶν
1429 3933 1510 3988 παῖδα(

402 4017 484 4073 εἶναι·
507 4019 701 4087 μελιχλώρουε
720 4021 752 4074 δὲ
776 4020 821 4074 καὶ
843 4021 974 4086 τοῦνομα
998 4021 1051 4076 ciet
1073 4021 1150 4075 τινδε
1173 4021 1260 4074 ἀλλου
1284 4019 1396 4088 ποίημα
1418 4011 1509 4075 εἶναιῆ

401 4104 519 4170 ἐραετοθ
539 4105 786 4172 ὑποκοριζομένου
804 4121 836 4160 τε
855 4105 900 4160 καὶ
918 4106 1045 4173 εθχεριδε
1065 4107 1209 4173 φέροντο(
1226 4107 1281 4172 τὴν
1299 4106 1456 4172 ὠχρότητα,
1472 4097 1509 4154 tt*

401 4189 446 4242 έπί
466 4191 530 4260 ὥρᾳ
548 4191 582 4259 ᾖ;
602 4189 646 4244 καὶ
665 4190 706 4245 tvl
725 4192 803 4256 λόγω
820 4191 910 4246 adeat
928 4193 1087 4259 προφάεειε
1104 4191 1312 4259 προφαεέῑεεθέ
1330 4208 1362 4247 τε
1380 4191 1425 4245 καὶ
1439 4185 1509 4243 amat

401 4275 503 4340 φωνὰ(
522 4275 630 4344 ἀφίετε,
650 4277 721 4331 (tere
742 4277 850 4345 μηδένα
869 4279 1040 4343 ἀποβάλλειν
1056 4281 1118 4332 τῶν
1137 4277 1306 4332 ἀνθούντων
1325 4277 1356 4330 ἐν
1375 4279 1443 4348 τδρα
