3096 4924
327 385 392 449 126
758 395 876 451 Victor
894 397 1036 466 Goulos,

417 564 509 630 Haec
521 586 714 649 quamquam
725 568 770 631 lta
782 587 817 632 se
830 567 957 651 habent,
967 571 1074 634 tamen
1085 572 1257 654 quominus
1268 592 1342 636 cum
1352 572 1471 638 Buen-

329 688 405 752 gero
418 671 457 752 (p.
468 670 521 752 16)
536 669 654 734 Suidae
670 669 814 735 codicem
826 691 901 736 eum
912 673 1040 736 Auulla
1052 674 1293 740 necessitudine
1305 677 1472 740 coniunc-

329 775 399 835 tum
414 773 518 836 fuisse
534 792 722 838 censeamus
736 775 798 838 hoc
809 774 921 856 obstat,
935 774 1022 857 quod
1033 775 1152 840 librum
1161 780 1190 840 A
1200 779 1368 860 permultis
1380 779 1472 842 locis

330 894 405 940 cum
421 875 442 938 S
463 875 618 939 adversus
634 877 663 940 R
679 881 736 940 aut
752 877 780 939 V
796 883 852 940 aut
867 881 1039 960 utrumque
1059 879 1204 944 codicem
1223 881 1475 964 conspirantem

331 977 603 1062 deprehendimus
620 981 670 1062 (cf.
684 980 817 1045 tabellas
829 982 922 1046 initio
940 984 958 1063 ᾖ
973 983 1035 1064 16).
1058 981 1177 1046 Facere
1193 984 1294 1067 igitur
1308 1005 1374 1047 non
1390 1004 1474 1067 pos-

331 1103 453 1166 sumus
473 1085 553 1166 quin
571 1088 608 1148 nt
623 1084 871 1149 Ambrosianum
887 1086 921 1150 M
937 1087 985 1150 sic
1001 1087 1098 1150 etiam
1113 1087 1299 1152 Parisinmn
1315 1089 1344 1152 A
1360 1090 1475 1152 artius

332 1207 407 1252 cum
422 1187 443 1251 S
460 1185 631 1252 cohaerere
648 1190 880 1271 existimemus,
897 1191 1043 1272 quamvis
1059 1191 1182 1255 infitias
1198 1193 1246 1256 ire
1262 1211 1476 1274 nequeamus

331 1290 451 1354 librum
463 1290 497 1354 M
513 1292 661 1374 proprius
678 1313 773 1374 quam
785 1294 816 1356 A
828 1291 869 1356 ad
885 1292 1003 1357 Suidae
1019 1294 1173 1376 reliquias
1189 1293 1352 1360 accedere.
1375 1295 1477 1372 Quae

332 1413 407 1457 cum
427 1395 473 1456 ita
488 1394 561 1475 sint,
582 1394 668 1458 haud
685 1396 751 1458 scio
771 1415 812 1458 an
828 1395 868 1458 de
884 1395 1003 1460 Suidae
1019 1395 1231 1479 codicumque
1248 1397 1313 1462 MA
1329 1401 1418 1464 inter
1435 1419 1477 1462 se

332 1497 457 1560 ratione
474 1496 554 1561 haec
568 1497 739 1562 statuenda
754 1500 833 1562 sint:
851 1498 1102 1562 Ambrosianum
1117 1499 1149 1562 Μ
1167 1520 1241 1564 cum
1257 1520 1295 1564 eo
1310 1500 1395 1564 libro
1412 1501 1478 1565 de—

332 1599 467 1682 perdit0,
480 1620 542 1682 quo
554 1600 802 1685 lexicographus
814 1603 848 1665 in
862 1601 1076 1685 excerpendis
1087 1601 1206 1666 fabulis
1218 1603 1478 1686 Aristophaneis

333 1723 414 1768 usus
431 1707 489 1786 est,
505 1704 545 1768 ad
561 1725 663 1768 unum
679 1705 881 1788 eundemque
898 1707 1108 1788 archetypum
1122 1705 1331 1770 referendum
1346 1727 1422 1771 esse
1442 1713 1480 1771 et

334 1807 520 1870 Pansinum
535 1811 565 1872 A
578 1827 620 1870 ex
636 1806 747 1871 codice
763 1808 870 1890 aliquo
887 1808 1044 1891 originem
1060 1807 1202 1890 duxisse,
1219 1809 1274 1891 qui
1291 1810 1478 1894 archetypo

335 1911 438 1974 S-ll
455 1911 555 1974 fuerit
573 1911 759 1974 oonsmrilis.
787 1909 903 1974 Srridas
919 1911 1018 1994 igitur
1034 1931 1109 1975 cum
1125 1911 1158 1974 M
1175 1915 1209 1974 et
1224 1914 1253 1975 A
1269 1912 1478 1994 singularem

336 2013 484 2079 codicum
513 2015 649 2078 classem
677 2033 811 2096 eamque
836 2013 922 2077 haud
945 2013 1198 2078 contemnendae
1222 2019 1317 2078 notae
1340 2035 1480 2099 reprae-

336 2119 450 2181 sentat.
479 2116 592 2199 Neque
614 2117 701 2180 enim
721 2115 897 2199 quidquam
916 2115 1125 2180 tribuendum
1145 2121 1195 2180 est
1215 2118 1254 2199 ei,
1275 2117 1362 2199 quod
1384 2117 1420 2181 M
1444 2123 1481 2183 et

337 2223 368 2284 A
382 2221 540 2303 imprimis
564 2220 665 2284 multa
687 2218 804 2283 menda
826 2238 1004 2302 pravasque
1028 2219 1182 2282 lectiones
1207 2219 1373 2300 exhibent,
1398 2240 1479 2284 cum

336 2323 436 2386 libros
460 2323 544 2386 XIII
569 2327 601 2387 et
623 2323 704 2386 XIV
729 2323 866 2386 sacculis
896 2325 1043 2385 exaratos
1073 2323 1159 2384 vitiis
1188 2325 1311 2386 scatere
1336 2327 1480 2387 constet.

428 2426 473 2490 Ut
495 2429 603 2490 autem
626 2425 836 2508 archetypum
860 2425 1033 2508 singularis
1057 2425 1198 2488 familiae
1214 2425 1349 2489 s-MA
1371 2445 1481 2508 geuu-

337 2531 429 2592 inum
445 2529 560 2592 comici
575 2531 701 2592 textum
717 2527 833 2592 melius
849 2530 944 2609 atquc
962 2529 1121 2591 sincerius
1138 2547 1177 2590 ea
1192 2526 1344 2592 codicum
1360 2529 1480 2610 classe,

340 2632 393 2695 oui
406 2631 465 2694 RV
476 2631 671 2694 attribuendi
684 2633 768 2711 sunt,
782 2630 952 2693 effinxisse
965 2633 1060 2712 atque
1074 2631 1275 2713 expressisse
1287 2630 1482 2696 iudicemus

340 2753 378 2797 eo
391 2753 638 2816 commovemur,
651 2733 736 2815 quod
749 2733 936 2816 saepissime
948 2732 1047 2795 libros
1060 2732 1193 2798 s-MA
1207 2739 1243 2796 ut
1258 2753 1334 2798 cum
1349 2755 1419 2798 uno
1433 2733 1481 2798 al·

340 2840 449 2900 terove
473 2835 621 2900 codicum
644 2835 703 2899 RV
721 2836 765 2899 ita
789 2835 873 2898 solos
893 2836 1057 2898 nonnullis
1080 2836 1160 2900 locis
1180 2837 1341 2918 integram
1360 2841 1481 2920 poetae

339 2939 532 3021 scripturam
548 2939 728 3002 servavisse
745 2942 810 3002 tota
826 2937 1051 3002 dissertatione
1063 2941 1173 3002 nostra
1185 2938 1479 3021 comprobavimus.

340 3042 391 3108 Ex
416 3061 478 3124 quo
503 3041 695 3105 concludere
718 3041 796 3104 licet
814 3040 906 3103 libris
923 3039 1054 3104 s-MA
1070 3041 1222 3123 optimam
1238 3044 1272 3105 et
1286 3042 1481 3124 antiquissi-

340 3165 426 3208 mam
449 3145 607 3227 originem
630 3143 857 3208 vindicandam
881 3162 961 3225 esse,
984 3143 1107 3207 fontem
1130 3163 1216 3226 vero,
1239 3144 1328 3207 unde
1347 3145 1378 3209 R
1399 3149 1434 3210 et
1450 3144 1480 3206 V

341 3249 519 3328 fluxerunt,
548 3251 581 3311 et
607 3249 766 3310 vetustae
795 3249 828 3310 et
854 3245 996 3310 bonitate
1020 3247 1206 3310 inferiorem
1230 3247 1334 3312 fuisse
1358 3247 1418 3312 illo
1442 3249 1482 3310 li-

342 3351 474 3415 brorum
494 3350 636 3414 s-MA.
671 3349 757 3414 Illud
781 3349 911 3432 quidem
935 3348 1053 3414 addere
1077 3370 1143 3413 non
1167 3350 1309 3414 alienrun
1333 3355 1386 3414 est
1402 3353 1481 3416 Am-

343 3455 486 3520 brosiani
510 3455 544 3519 M
572 3459 605 3519 et
629 3455 769 3519 Parisini
792 3458 821 3518 A
846 3473 928 3536 quae
957 3455 1000 3518 sit
1026 3455 1234 3538 praestantia,
1263 3455 1328 3518 nisi
1357 3455 1481 3520 Suidae

342 3559 489 3641 reliquiis
514 3557 666 3622 adhibltis
690 3561 777 3622 recte
801 3559 982 3622 exisbmari
1004 3579 1068 3622 non
1092 3578 1196 3642 posse.

432 3661 502 3725 Iam
524 3661 559 3724 in
582 3661 651 3725 fine
675 3662 873 3743 quaestionis
897 3664 1025 3724 nostrae
1049 3661 1089 3725 de
1113 3661 1171 3744 Eq.
1194 3661 1250 3726 Ra.
1274 3661 1336 3725 Nb.
1354 3662 1402 3726 Pl.
1421 3665 1478 3726 Av.

343 3765 463 3830 fabulis
487 3761 554 3828 uon
575 3784 746 3848 possumus
763 3764 896 3828 Velseni
920 3762 959 3827 de
978 3763 1191 3828 Ambrosiano
1207 3765 1240 3827 M
1264 3764 1390 3829 iudicio
1414 3785 1478 3829 non

344 3869 504 3950 assentiri,
528 3867 614 3950 quod
635 3867 812 3932 Schneeius
835 3867 870 3929 in
893 3865 1002 3930 libello
1026 3887 1085 3930 suo
1109 3887 1207 3949 supra
1229 3873 1477 3933 commemorato

344 3971 416 4036 “De
440 3975 494 4034 Ar.
520 3969 610 4035 codd.
636 3971 740 4053 capita
763 3969 849 4032 duo”
879 3970 1000 4032 frustra
1030 3968 1223 4033 labefactare
1254 3973 1392 4035 conatus
1423 3973 1478 4035 est

349 4075 470 4158 Accipe
498 4075 569 4157 ipsa
595 4073 694 4136 verba
714 4073 849 4136 Valseni
876 4073 911 4135 in
939 4073 1037 4155 praef.
1062 4072 1118 4153 Eq.
1142 4093 1171 4155 p.
1184 4073 1284 4136 VIII:
1316 4073 1373 4136 “Is
1398 4073 1478 4136 liber

344 4178 425 4259 (scil.
456 4177 502 4259 M)
536 4175 782 4259 diligentissime
817 4175 922 4257 pictus
957 4175 1141 4258 gravissimi
1173 4175 1207 4238 in
1241 4175 1477 4240 constituendis

344 4283 456 4364 poetae
477 4279 585 4343 verbiS
606 4281 655 4343 est
673 4277 836 4358 momenti,
856 4281 966 4360 utpote
986 4278 1041 4359 qui
1062 4277 1237 4360 genuinam
1252 4279 1476 4362 Aristophanis
