2978 4814
313 340 354 402 66
738 345 855 399 Victor
874 343 1017 412 Coulon,

336 543 393 580 vso.
568 517 589 581 S

424 621 662 684 adnotationem
693 617 734 682 ad
764 619 793 681 h.
822 639 850 682 v.

424 725 551 788 Ἀττικοὶ
585 727 620 787 δὲ
654 723 705 785 διὰ
737 725 796 785 τοῦ
827 726 848 797 ῆ

425 828 554 907 ἀθάρης,
582 826 600 903 ἡ
625 829 661 889 δὲ
685 827 775 901 κοινὴ
801 826 851 888 διὰ

424 932 483 993 τοῦ
508 930 528 990 ᾶ
553 929 684 1009 άθάραε,
713 946 851 1009 quaeum

427 1031 544 1097 Snidas
569 1031 736 1094 consentit

316 1138 401 1200 1093
427 1136 573 1198 ἐπίττουν
604 1134 741 1215 (ἔπιττον
773 1129 852 1213 SAV)
907 1136 1084 1200 ὑπέπιττον.
1103 1136 1188 1200 Vera
1198 1136 1299 1198 forma
1312 1140 1360 1199 est
1372 1136 1443 1198 ὑπε-

427 1257 501 1302 euin
525 1236 621 1319 MA†
907 1240 1044 1303 τάττουν.

813 1420 945 1482 Avium:

336 1551 401 1612 245
426 1548 576 1627 κάμπτεθ’
612 1568 687 1612 oum
722 1547 853 1631 Ald.††
937 1552 1064 1616 κάπτεθ’
1089 1572 1163 1616 eum
1187 1551 1221 1615 M
1244 1554 1351 1634 (-τε(θ’
1377 1552 1419 1630 A)

427 1651 547 1715 Littera
577 1674 597 1730 μ
626 1651 706 1714 male
734 1653 854 1714 inserta

427 1762 488 1836 est,
520 1761 556 1818 ut
585 1755 619 1817 in
649 1754 705 1836 Eq.
729 1756 794 1817 493
826 1754 854 1817 R

388 1931 392 1936 .
427 1860 637 1935 ἐπέγκαμψον
654 1876 711 1940 pro
724 1856 854 1931 ἐπέγκα-

427 1983 503 2042 ψον,
515 1959 565 2023 Le.
574 1961 638 2023 688
649 1960 854 2037 Γάμπελῶαν

427 2084 484 2148 pro
500 2065 601 2143 άπελ-,
615 2064 679 2125 920
692 2063 719 2126 Β
732 2064 855 2141 λάμβδα

427 2187 485 2251 pro
509 2168 618 2248 λάβδα,
643 2166 688 2229 Pl.
706 2167 770 2229 729
796 2164 854 2228 RV

428 2271 674 2351 ὴμιτύμβιονρῐο
684 2270 854 2348 ἡμιτύβιον,

427 2374 482 2437 Th.
495 2374 578 2436 1197
590 2372 786 2450 Βευμβήνην
799 2391 855 2454 pro

428 2478 566 2557 ευβίνην,
592 2475 650 2557 Vp.
668 2477 730 2537 727
757 2474 854 2538 schol.

428 2580 606 2655 εκίμπωναε
654 2598 711 2660 pro
758 2579 891 2654 εκίπ-,.

428 2681 499 2744 aliis
526 2681 613 2743 locis,
652 2680 700 2744 De
732 2681 791 2743 hae
821 2700 856 2744 re

429 2784 468 2847 of.
495 2783 530 2846 G.
548 2784 688 2847 Sohulzii
718 2785 856 2866 quaesti-

429 2907 523 2950 onem
550 2888 583 2949 in
616 2886 678 2949 KZ.
696 2886 856 2967 XXXIII,

432 2993 533 3071 1895,
573 3011 601 3073 p.
631 2991 695 3052 366
715 3010 783 3072 sqq.
826 2997 857 3053 et

430 3093 644 3157 Meisterhnns
668 3113 696 3176 p.
710 3095 762 3174 84,
782 3096 811 3155 4.

341 3201 402 3263 257
431 3204 549 3261 καινών
563 3197 667 3274 ἔργων
682 3217 755 3260 enm
769 3196 802 3259 M
809 3197 856 3280 ††
913 3203 1031 3263 καινῶν
1042 3197 1185 3276 ἔργωντ’
1196 3200 1285 3279 (tow.
1296 3199 1322 3260 τ’
1334 3198 1398 3277 ἔργ.
1409 3201 1442 3279 A]

243 3277 258 3303 ⁶
341 3304 405 3366 649
431 3303 532 3375 ἔγωγε
557 3319 630 3363 eum
656 3300 741 3382 A††
1043 3304 1107 3377 ἐγώ
1130 3322 1164 3365 τε
1188 3321 1259 3365 oum
1286 3301 1320 3365 M

341 3407 405 3468 714
430 3408 552 3468 πὲκτειν
565 3422 639 3466 eum
652 3404 690 3474 A,
704 3400 759 3481 qni
769 3403 856 3463 reete
1034 3409 1140 3470 πὲκειν
1164 3424 1239 3468 oum
1262 3404 1327 3487 M†

431 3528 563 3571 πεκτειν.

342 3614 405 3674 755
431 3612 510 3674 ἐίτιν
528 3608 635 3672 ἐνθάδ’
649 3627 721 3670 eum
735 3606 768 3669 M
786 3606 856 3669 Ald.
1001 3611 1109 3675 ἐνθάδ’
1129 3613 1208 3676 ἐςτιν
1232 3631 1306 3674 eum
1330 3612 1359 3673 A

431 3712 537 3796 praef„
549 3732 589 3775 ne
600 3711 677 3774 ordo
686 3710 856 3773 verborum

432 3815 540 3879 ἐνθάδ’
565 3816 646 3878 ἐςτιν
676 3816 710 3876 in
742 3833 769 3876 v.
793 3815 854 3875 757

431 3924 584 3981 recurrat.
602 3916 647 3979 cf.
660 3916 794 3980 eandem
804 3937 858 3978 ve-

431 4022 575 4084 rietatem
595 4023 628 4083 in
650 4040 677 4083 v.
695 4021 760 4083 756
778 4021 858 4083 ἐετὶν

432 4124 506 4200 παρ’
531 4126 602 4201 ἡμῖν
632 4130 663 4186 et
690 4124 723 4185 in
748 4142 775 4184 v.
793 4122 857 4184 759

432 4226 506 4305 παρ’
527 4229 598 4304 ἡμῖν
622 4227 710 4290 ἐςτιν,
