2872 4822
221 359 406 428 Quaestiones
425 360 542 416 criticae
560 361 591 416 in
609 361 810 431 Aristophanis
829 362 950 418 fabulas.
1091 360 1153 423 193

121 532 197 596 Ιπν.
215 535 279 597 845
305 539 375 611 μῶν
399 534 459 598 οὖν
483 534 621 613 ἐμυήθης
644 533 712 611 δῆτ’
733 533 768 598 ἐν
793 535 878 617 αὐτῷ
907 537 945 600 τὰ
965 535 1100 615 μεγάλα;
1125 537 1154 601 R

57 635 154 716 praebet
170 641 238 714 μῶν
257 637 442 718 ἐνεμυήθης,
458 636 488 697 V
505 641 575 714 μῶν
594 636 740 718 ἐμυήθης,
759 637 857 700 sohel.
874 657 949 701 oum
965 637 1063 702 MAU
1083 644 1153 716 μῶν

58 737 100 800 οὖν
116 740 245 818 ἐμυήθης.
282 738 467 804 Meinelrius
494 739 527 801 in
544 739 641 802 vtnd.
657 740 712 802 Ar.
729 760 757 822 p.
775 741 838 803 217
864 741 1055 823 scripturam
1084 747 1153 819 μῶν

58 839 98 902 τήν
111 840 234 921 ἐμυήθης
253 841 399 907 defendit
418 843 506 906 hisce
525 842 649 906 verbis:
674 840 822 906 “Vereor
840 863 881 907 ne
902 845 988 906 viros
1007 843 1153 908 doctissi-

57 961 101 1006 mos
113 947 296 1029 comparatio
313 966 388 1010 oum
403 953 513 1010 nostro
532 946 748 1011 einweihen
767 948 802 1009 in
820 967 960 1011 errorem
976 948 1151 1013 induxerit

57 1044 177 1111 Gnccum
204 1060 254 1112 est
281 1053 417 1127 μυεῑςθαι
445 1051 485 1113 τὰ
513 1051 672 1131 μυςτήρια,
699 1070 764 1112 non
788 1051 995 1128 ἐμμυεῑςθαι”.
1033 1051 1079 1115 Cf.
1096 1052 1151 1116 Re.

56 1150 104 1229 158,
117 1155 183 1232 318,
199 1155 275 1235 456,
300 1153 354 1217 Po.
373 1155 448 1234 278,
465 1155 538 1216 375.
569 1151 659 1217 Idem
680 1153 814 1216 criticus
837 1160 946 1235 postea
970 1154 1003 1216 iu
1021 1152 1152 1218 Adden-

54 1249 86 1315 lir
102 1254 233 1320 eiusdem
252 1255 328 1319 libn'
352 1276 381 1338 p.
393 1256 475 1318 VIII
494 1257 601 1319 minus
619 1255 757 1319 feliciter
775 1255 1014 1320 animadvertit:
1040 1257 1151 1321 “Ferri

54 1372 105 1421 sane
119 1366 217 1440 potest
235 1359 313 1423 Rev.
330 1361 490 1443 scriptura
509 1361 690 1441 ἐνεμυήθης,
710 1380 775 1423 non
795 1366 900 1424 tamon
920 1367 957 1424 ut
976 1362 1152 1438 ἐμμυεῖςθαι

53 1467 236 1539 proruerent
261 1462 326 1525 dici
350 1481 444 1546 posse
468 1462 659 1542 concedam;
684 1464 749 1526 imo
769 1462 943 1541 ἐνεμυήθης
962 1463 1084 1527 dictum
1104 1470 1153 1528 est

5 1578 22 1641 j
54 1564 118 1625 utin
140 1572 292 1647 sequente
317 1585 414 1629 versu
438 1565 631 1644 ἐνερρίγωςα
654 1585 697 1629 so.
722 1565 757 1631 ἐν
784 1571 829 1647 τῷ
857 1568 1022 1650 τριβωνίῳ.
1059 1566 1151 1630 Com·

54 1668 127 1743 parari
141 1674 270 1750 possunt
285 1670 491 1746 ἐναποτίνειν,
508 1669 719 1733 ἐναποπατεῖν
733 1672 765 1732 et
779 1669 881 1731 multa
897 1669 1041 1733 eiusdem
1053 1688 1150 1752 gene-

2 1806 3 1811 κ
54 1765 86 1827 ns
102 1768 178 1832 alia”.
208 1771 311 1847 Quam
336 1771 492 1835 Moinekii
520 1772 711 1835 sententiam
735 1770 949 1836 Leeuwenius
973 1772 1006 1834 in
1031 1773 1150 1837 Mnem.

56 1865 111 1932 llor.
122 1871 178 1936 Sor.
194 1873 305 1954 XXX,
324 1875 420 1954 1902,
444 1894 473 1957 p.
490 1875 555 1938 353
571 1875 730 1956 sagaciter
746 1874 873 1956 refellit,
890 1874 945 1937 nbi
963 1875 1150 1958 Aristopha-

57 1970 97 2053 nis,
110 1973 259 2055 Herodoti,
279 1977 445 2059 Euripidis
464 1977 553 2042 locos
572 1977 712 2060 protulit,
731 1977 850 2059 quibus
869 1978 1096 2060 praepositioni
1117 1980 1152 2043 ἐν

59 2072 81 2134 in
97 2077 276 2162 έναποτίνειν,
302 2081 522 2161 ἐναποπατεῖν,
551 2079 621 2142 aliis
644 2079 802 2143 similibus
831 2081 1016 2162 compositis
1040 2079 1151 2146 “more

1 2226 3 2254 ,
58 2179 131 2257 prisco
143 2183 193 2247 sed
208 2205 375 2267 nunquam
392 2185 602 2249 intermortuo
621 2186 683 2247 vim
700 2183 843 2249 adverbii
860 2184 992 2248 localis''
1009 2185 1151 2250 tribuere

58 2276 117 2344 lieet
135 2286 208 2351 Vide
235 2290 280 2352 sis
308 2288 404 2352 etiam
433 2287 620 2352 Leeuwenii
648 2288 753 2350 adnot.
777 2287 817 2350 ad
842 2289 901 2351 Ar.
920 2290 962 2351 38
990 2289 1030 2352 de
1059 2307 1150 2372 pree·

59 2384 177 2460 positione
203 2392 237 2454 ἐν
262 2390 447 2454 adverbiali.
483 2389 573 2466 Quae
597 2410 671 2454 oum
698 2392 743 2453 ita
771 2391 843 2470 sint,
871 2391 968 2454 lectio
993 2397 1061 2469 μῶν
1085 2393 1151 2456 ἐνε-

61 2485 145 2565 μυήθης
164 2529 204 2538 -
227 2493 262 2557 ἐν
283 2493 372 2573 αὐτῷ
396 2491 591 2557 admittenda
614 2513 680 2556 non
704 2500 762 2557 est.
795 2496 844 2557 Ao
863 2513 904 2557 ne
923 2496 996 2575 quis
1016 2494 1056 2559 de
1079 2514 1151 2577 par-

61 2584 135 2653 titulis
148 2601 209 2670 μῶν
225 2596 287 2661 οὖν
304 2596 486 2660 coniunctis
502 2595 634 2677 dubitet,
651 2595 863 2660 Ieeuwenius
879 2596 899 2660 l.
915 2596 988 2660 lad
1004 2596 1059 2660 Po.
1077 2599 1150 2679 527,

62 2685 143 2756 Asel.
156 2698 291 2782 Cboeph.
312 2701 384 2778 177,
409 2698 484 2762 Ilur.
500 2699 600 2762 Andr.
618 2700 660 2762 82
684 2699 808 2781 allegat.
843 2699 968 2776 Quibus
993 2700 1149 2783 exemplis

63 2785 118 2854 addo
135 2795 242 2864 Platon.
259 2801 355 2884 Soph.
374 2801 466 2864 250d
494 2807 563 2880 μῶν
588 2802 648 2866 οὖν
672 2802 707 2866 ἐν
731 2803 872 2867 ἐλάττονί
895 2823 953 2867 τινι
977 2807 1036 2868 νῦν
1060 2805 1150 2881 ἐςμέν

64 2887 143 2981 (70111
156 2908 220 2982 περὶ
239 2906 276 2967 τὸ
296 2903 350 2982 ὅν;
372 2905 435 2967 267
446 2924 472 2986 o,
490 2903 586 2987 Legg.
603 2904 627 2986 I,
647 2906 745 2987 624α,
765 2905 823 2986 ΙΙΙ,
842 2906 943 2987 6806,
963 2906 1057 2989 Hipp.
1078 2908 1150 2970 mai.

63 2989 130 3077 302³,
150 3004 267 3070 Phileb.
285 3008 328 3069 23
339 3007 367 3069 d.
403 3005 451 3070 Do
481 3007 604 3090 origine
632 3015 739 3071 autem
767 3008 942 3072 lectionum
967 3008 1025 3072 RV
1050 3008 1150 3072 Leon·

63 3100 145 3167 uerius
165 3115 251 3173 recte
279 3111 328 3173 sic
357 3110 555 3173 existimavit
577 3109 688 3174 “mero
716 3130 824 3174 errore
853 3111 1042 3193 particulam
1067 3111 1148 3176 ΟΥΝ

62 3196 95 3258 Ill
109 3211 146 3276 tlt
166 3212 202 3275 ab
226 3212 328 3276 altero
353 3211 483 3277 librario
506 3215 540 3276 in
560 3215 608 3278 ΕΝ
634 3218 788 3278 mutatam
808 3234 887 3296 esse,
911 3215 951 3278 ab
970 3216 1069 3279 altero
1093 3234 1151 3298 per

62 3293 276 3397 hllllOgrapbiam
300 3321 373 3397 post
397 3316 484 3380 ΜΩΝ
510 3316 691 3381 omissam”.

547 3504 566 3583 ξ
591 3505 620 3565 θ.

115 3619 146 3685 ln
171 3628 310 3689 Avium
340 3646 369 3687 ν.
395 3628 477 3690 1187
506 3628 615 3694 τόξευε
638 3633 710 3692 παῖε
733 3628 786 3708 (V)
815 3628 999 3706 ςφενδόνην
1027 3630 1071 3692 τίς
1096 3650 1149 3705 μοι

55 3712 113 3784 liro
130 3746 183 3809 pro
202 3734 277 3794 παῖε
302 3729 422 3812 legitur
439 3734 502 3795 πᾶς
525 3732 558 3793 in
578 3731 614 3812 R,
638 3736 700 3796 πᾶς
718 3751 762 3795 τις
780 3732 812 3793 in
834 3730 930 3794 schol.
947 3729 987 3793 ad
1008 3750 1034 3793 r.
1053 3732 1148 3794 1118.

52 3813 172 3908 Bergtius
195 3838 259 3898 πᾶς
283 3853 329 3897 τις
358 3834 504 3914 coniecit,
533 3836 587 3897 oui
610 3834 801 3916 Blaydesius
830 3835 863 3896 in
886 3834 991 3896 adnot.
1009 3833 1048 3896 ad
1072 3833 1102 3896 h.
1119 3853 1148 3897 r.

48 3920 145 4002 plodio
178 3935 432 4018 Aristophanem
461 3936 657 4001 adiectivum
679 3941 741 4001 πᾶς
765 3937 814 4000 vel
843 3941 927 4001 πᾶςα
951 3957 1025 4001 cum
1049 3937 1149 4000 altera

43 4042 148 4106 persona
176 4041 259 4122 sing.
278 4038 424 4120 imperat.
440 4059 541 4122 praes.
559 4041 767 4104 coniunxisse
798 4040 965 4122 permultis
997 4040 1150 4104 docemur

40 4126 104 4221 loeis,
125 4143 211 4208 velut
229 4146 294 4207 Ar.
317 4142 404 4206 1190
427 4145 566 4221 φύλαττε
589 4146 659 4225 πᾶς,
683 4145 763 4208 th.
784 4145 849 4207 204
872 4148 946 4227 τῇδε
970 4147 1032 4208 πςῖς
1056 4145 1149 4207 ἕπου.

36 4234 84 4305 238
100 4248 161 4321 ςῖγα
180 4250 254 4328 παῖς,
276 4244 336 4307 Po.
353 4243 417 4308 458
437 4245 582 4310 ὑπότεινε
603 4247 640 4322 δή
660 4248 730 4326 παῖε,
750 4246 814 4307 512
835 4244 892 4320 ἄγε
910 4250 981 4326 πᾶς,
1001 4245 1056 4308 Ra.
1074 4247 1149 4326 372,

69 4382 125 4438 rur
139 4387 158 4430 1.
990 4367 1023 4422 13
