2978 4814
299 338 339 399 70
492 414 494 420 y
721 342 839 397 Victor
858 342 1001 409 Conlon‚

402 515 440 578 In
465 515 571 578 Pluti
595 535 622 577 ν.
640 516 704 577 255
720 514 758 579 ἴτ’
775 514 934 588 ἐγκονεῖτε
950 514 1103 597 ςπεύδεθ’,
1128 517 1172 579 ὼς
1189 516 1207 578 6
1226 518 1335 593 καιρὸς
1356 516 1428 594 οὐχὶ

296 622 429 699 μέλλειν,
453 618 481 683 R
504 624 604 682 metro
628 619 728 681 invito
752 617 921 682 articulum
940 619 958 681 6
976 618 1089 681 omisit.
1114 618 1164 681 lix
1189 618 1295 682 verbis
1319 620 1427 682 autem

295 721 325 781 V
342 722 382 785 οὐ
406 722 467 800 γὰρ
492 723 601 799 καιρὸς
626 721 697 799 οὐχὶ
721 723 845 798 μέλλειν
870 719 1051 784 Meinelrius
1075 722 1109 783 in
1129 720 1223 784 Vind.
1241 719 1294 783 Ar.
1311 741 1341 803 p.
1360 721 1425 783 210

296 825 335 888 οὐ
359 826 420 903 γὰρ
449 825 558 902 καιρός
583 823 644 887 έςτι
673 826 797 902 μέλλειν
825 821 1059 887 restituendum
1087 843 1156 887 esse
1179 823 1321 906 putavit,
1352 843 1426 886 oum

295 928 416 994 ollandi
429 948 500 993 sese
513 928 633 992 diceret
645 928 780 992 articulo
794 929 827 990 in
839 927 977 992 lectione
994 927 1125 1011 s-MA
1142 929 1186 992 ὡς
1200 929 1218 992 6
1232 931 1341 1006 καιρὸς
1357 929 1428 1006 οὐχὶ

295 1035 428 1110 μέλλειν.
454 1031 556 1108 Quam
580 1031 658 1094 ferri
681 1049 774 1113 posse
799 1029 948 1094 concedit
970 1030 1074 1093 forma
1098 1034 1202 1109 μέλλει
1225 1050 1282 1113 ριο
1302 1032 1426 1108 μέλλειν

294 1136 441 1217 reposita.
467 1134 581 1215 Neque
599 1153 674 1198 vero
692 1133 851 1215 intellego
871 1133 949 1215 quid
967 1134 1157 1197 offensionis
1175 1133 1193 1204 6
1211 1137 1320 1212 καιρὸς
1336 1152 1427 1215 prae·

294 1238 374 1301 beat.
398 1237 524 1301 Similes
549 1239 636 1301 enim
658 1237 871 1300 inveniuntur
895 1238 1151 1300 constructiones
1175 1238 1208 1298 in
1227 1236 1281 1300 Th.
1300 1238 1362 1298 661
1382 1237 1426 1299 ώς

295 1341 314 1403 6
335 1342 443 1419 καιρός
468 1340 528 1404 ἐςτι
549 1343 588 1418 μή
610 1343 732 1417 μέλλειν
752 1338 804 1419 ἔτι,
828 1338 922 1421 Soph.
944 1338 1019 1402 Oed.
1036 1339 1072 1403 R.
1092 1341 1177 1402 1050
1195 1338 1356 1418 ςημήναο’,
1381 1339 1425 1401 ώς

295 1444 314 1506 6
340 1447 447 1522 καιρὸς
470 1443 621 1522 ηὑρήςθαι
644 1445 732 1522 τάδε,
761 1443 876 1506 Aesch.
894 1442 987 1506 Choe.
1006 1444 1070 1505 706
1095 1442 1165 1506 ἀλλ’
1183 1441 1283 1506 έςθ’ὁ
1309 1442 1428 1519 καιρός.

294 1545 438 1609 Verbum
462 1551 568 1609 autem
589 1545 667 1609 έςτὶν
690 1549 763 1627 post
786 1546 903 1625 καιρός,
928 1546 1006 1626 ώρα,
1027 1547 1132 1624 ςχολή,
1157 1545 1309 1624 κίνδυνος,
1335 1543 1426 1623 εἰκός,

294 1649 426 1728 ἀνάγκη,
450 1649 512 1712 alia
535 1649 650 1712 similia
674 1649 830 1712 vocabula
853 1668 947 1732 saepe
971 1649 1074 1711 omitti
1098 1649 1175 1710 satis
1198 1650 1345 1709 notares
1369 1652 1425 1708 est.

293 1752 406 1834 ltaque
418 1772 493 1814 cum
504 1752 649 1833 Bergine,
662 1751 842 1833 Blaydesio‚
854 1753 1001 1832 Velsenn,
1015 1752 1085 1814 aliis
1098 1753 1288 1834 scripturam
1301 1748 1426 1813 s-MA

294 1855 457 1918 tuentibus
481 1855 566 1917 facio
590 1854 641 1918 vel
665 1874 703 1918 eo
728 1862 918 1936 commutire,
950 1855 1036 1936 quod
1060 1853 1139 1917 illud
1164 1855 1247 1935 οὐχὶ,
1279 1872 1336 1935 pro
1362 1871 1425 1934 quo

293 1957 474 2045 Meinakius
494 1959 553 2021 ἐςτι
572 1957 713 2021 scribere
733 1958 809 2039 vult,
834 1959 867 2020 in
888 1958 1037 2021 omnibus
1057 1957 1223 2021 codicibus
1243 1956 1424 2031 invenitur,

294 2081 487 2143 quamquam
511 2081 576 2123 non
600 2061 722 2124 infitior
744 2062 939 2125 locutionem
966 2064 1009 2126 ώς
1035 2063 1054 2125 6
1075 2064 1187 2146 vumpbc
1208 2061 1279 2137 οὐχὶ
1299 2044 1424 2137 μέλλειν

293 2164 483 2228 insolentem
508 2183 592 2242 esse;
617 2170 665 2227 est
688 2165 773 2227 euim
799 2167 1005 2243 βραχυλογία,
1030 2184 1125 2246 quam
1150 2165 1197 2226 sio
1220 2160 1424 2244 interpretari

292 2267 384 2330 licet:
411 2269 455 2332 ώς
480 2268 499 2330 6
525 2268 630 2344 καιρὸς
656 2268 727 2345 οὐχὶ
751 2271 896 2331 τοιοῦτος
921 2267 988 2331 οἷος
1013 2269 1140 2345 μέλλειν.

383 2371 420 2432 ln
446 2390 473 2432 ν.
493 2372 554 2433 581
581 2369 651 2433 ἀλλ’
673 2370 699 2432 ώ
725 2370 886 2448 Κρονικαῖς
915 2373 1024 2447 λήμαις
1054 2352 1157 2433 ὅντως
1182 2373 1341 2447 λημῶντες
1369 2369 1424 2432 τὰς

293 2475 415 2550 φρένα(
438 2472 536 2550 ἄμφω
561 2471 662 2535 s-ll
679 2491 758 2536 corr.
775 2477 914 2548 γνώμαις
929 2472 1091 2555 praebent,
1115 2471 1174 2534 RV
1192 2475 1300 2549 λήμαις
1317 2470 1425 2533 addito

291 2594 339 2652 γρ.
361 2577 499 2652 γνώμαις
520 2574 555 2636 V.
581 2574 673 2636 Multi
700 2574 761 2637 loci
786 2575 942 2637 eiusmodi
967 2578 1150 2654 occurrunt,
1175 2573 1230 2636 ubi
1253 2573 1336 2634 Vin
1362 2593 1423 2655 mg.

292 2679 482 2760 scripturam
507 2677 641 2739 aliorum
665 2676 817 2739 librorum
843 2684 1078 2740 commemorat.
1110 2678 1238 2739 Videsis
1267 2676 1313 2739 Pl.
1339 2677 1424 2738 1110

292 2863 320 2925 p.
334 2845 377 2906 40
402 2848 579 2906 tractatum.
611 2842 763 2906 Similiter
779 2849 875 2925 atque
891 2843 961 2906 aliis
977 2843 1056 2906 loeis
1073 2845 1106 2906 in
1123 2776 1424 2926 archetypolilllill

292 2948 446 3030 seriptum
477 2948 579 3010 fuisse
610 2948 765 3030 suspicari
795 2947 879 3011 licet.
911 2947 1052 3024 Quarum
1084 2948 1258 3012 lectionum
1288 2953 1425 3028 utraque

293 3053 387 3114 etiam
412 3050 600 3113 scholiastae
625 3050 695 3114 Ald.
713 3057 838 3133 praesto
862 3051 932 3133 fuit,
963 3052 1019 3132 qui
1044 3052 1111 3114 ἀντὶ
1141 3055 1176 3114 δέ
1199 3055 1259 3114 τοῦ
1284 3054 1423 3128 γνώμαις

292 3155 445 3232 γράφεται
462 3156 572 3230 λήμαις
585 3153 748 3215 adnotavit
764 3152 870 3215 addita
886 3153 1101 3236 explicatione
1115 3154 1202 3217 vocis
1219 3156 1309 3232 λήμη,
1327 3172 1423 3235 quam

293 3262 324 3318 et
347 3257 379 3317 in
404 3254 501 3317 schol.
518 3254 576 3317 RV
602 3261 633 3318 et
656 3255 740 3338 apud
758 3256 888 3319 Suidam
913 3258 1068 3319 invenies
1093 3255 1242 3319 Ceterum
1267 3256 1306 3319 cf.
1324 3256 1363 3319 de
1378 3255 1424 3318 lo-

293 3359 422 3421 cutione
446 3358 635 3440 proverbiali
657 3359 801 3436 Κρονικαὶ
825 3363 917 3436 λήμαι
934 3359 1066 3421 Suidam
1083 3365 1114 3422 et
1130 3359 1331 3440 Hesychium
1355 3379 1378 3422 s.
1396 3378 1424 3420 v.

293 3463 327 3523 et
350 3460 491 3523 Paroem.
517 3460 569 3523 Gr.
594 3461 608 3523 Ι
633 3483 661 3545 p.
679 3463 742 3524 ‘263
768 3461 912 3544 (Diogen.
932 3462 961 3522 V
979 3464 1040 3544 63).
