2872 4822
245 391 432 461 Quaestiones
451 391 565 445 criticae
583 390 614 444 in
632 389 829 460 Aristophanis
848 390 967 446 tabulas.
1109 385 1170 448 197

79 565 169 645 perite
193 566 240 647 (ut
261 566 387 645 τρίβων,
415 562 499 627 Nub.
524 563 642 645 869.)”.
671 560 774 639 Quem
797 561 906 625 lusum
927 561 1101 626 Donnerus
1125 564 1173 626 sic

80 665 198 730 reddidit:
234 667 344 730 “Wirf
372 665 485 731 diesen
515 663 832 749 Lumpenmantel
860 684 939 747 weg,
965 663 969 747 1
1000 665 1074 729 Und
1102 665 1174 749 lege

79 767 288 854 lumpenhaft
311 769 362 832 dir
384 789 425 832 an
450 768 519 832 dies
543 787 661 831 warme
684 765 810 831 Kleid''.
835 767 1003 850 Equidem,
1027 774 1064 832 ut
1086 769 1174 851 prin·

81 872 160 954 cipalis
180 874 374 957 significatio
392 871 483 936 verbi
500 873 623 953 τρίβειν,
643 890 726 952 quae
743 869 945 934 substantivo
966 874 1082 950 τρίβων
1099 870 1175 934 sne

80 977 167 1050 estin
192 983 299 1041 nostro
330 995 478 1038 sermone
507 979 662 1056 servetur,
692 975 740 1038 sic
767 983 894 1037 vertere
924 974 1035 1038 velim:
1068 973 1176 1037 “Wiri

84 1074 165 1142 diesen
190 1080 284 1161 alten,
312 1076 584 1160 abgariebnen
613 1076 735 1140 Mantel
759 1096 829 1156 weg
852 1075 920 1140 und
943 1077 1014 1159 lege
1039 1075 1090 1138 dir
1112 1096 1175 1158 ge·

82 1180 181 1245 rieden
202 1203 243 1245 an
268 1181 338 1244 dies
353 1199 473 1244 warine
491 1180 619 1244 Kleid’'.
639 1179 854 1244 Leeuwenius
870 1182 977 1242 autem
992 1180 1176 1262 vituperan-

83 1280 125 1344 dus
145 1289 191 1367 est
219 1284 306 1368 quod
335 1287 456 1348 temere
486 1288 639 1347 νεανικῶς
668 1284 702 1345 in
733 1285 826 1346 textu
856 1283 964 1365 posuit
991 1283 1052 1346 hac
1079 1301 1176 1346 causa

84 1383 170 1450 addita:
192 1388 405 1467 “τριβωνικιῐις
430 1385 530 1467 codd,
555 1385 640 1468 quod
664 1385 746 1448 nihil
768 1393 823 1449 est
847 1384 898 1448 Ex
914 1385 1053 1449 lectione
1069 1384 1176 1466 altera,

85 1506 153 1568 quam
173 1491 290 1555 scholia
313 1489 475 1572 praebent
498 1493 696 1571 γεροντικῶς,
713 1492 844 1572 apparet
864 1489 948 1552 solas
963 1489 1087 1552 litteras
1103 1507 1178 1552 ικως

86 1594 205 1671 genuinas
229 1612 310 1674 esse,
335 1598 459 1656 ceteras
483 1593 566 1655 male
583 1610 654 1655 esse
671 1593 834 1675 suppletas
858 1594 913 1655 aut
934 1611 952 1655 e
971 1590 1178 1674 praecedenti

86 1697 223 1761 reuuhnc
239 1694 438 1759 aberrasse'’.
463 1695 533 1772 Qua
549 1694 736 1759 Leeuwenii
760 1695 936 1759 mutatione
957 1680 1020 1757 loci
1041 1712 1178 1757 acumen

86 1795 181 1862 tolitur.

152 1901 254 1967 Pacis
269 1924 298 1966 ν.
316 1905 382 1967 346
403 1903 438 1965 in
460 1901 519 1966 RV
539 1901 587 1964 sic
610 1901 742 1983 legitur:
767 1901 793 1966 εί
812 1903 873 1980 γὰρ
890 1901 1038 1977 ἐκγένοιτ’
1054 1899 1178 1980 (γένοιτ’

89 1996 186 2075 ίλίλεῑν
206 2008 319 2084 ταύτην
344 2027 380 2084 με
404 2007 462 2082 τήν
485 2004 604 2082 ἡμέραν
628 2005 714 2068 ττοτέ.
738 2003 915 2068 Scholiasta
934 2003 1089 2066 metricus
1109 2005 1181 2085 post

89 2097 174 2168 lemma
186 2109 208 2172 εἰ
221 2111 280 2188 γάρ
297 2130 349 2186 μοι
373 2109 498 2183 γένοιτο
522 2107 610 2170 hunc
633 2126 764 2169 versum
789 2125 859 2169 esse
879 2109 1099 2170 tetrametrum
1118 2107 1180 2168 tro-

92 2201 201 2272 chaicum
223 2211 446 2275 catalecticum
469 2208 640 2273 adnotavit.
664 2209 798 2291 Versus,
822 2230 918 2292 quern
939 2209 997 2272 RV
1019 2209 1180 2292 praebent

92 2313 200 2375 numeris
220 2315 416 2378 adversatur.
440 2312 508 2376 Iam
527 2311 568 2375 ad
592 2333 666 2376 eum
687 2312 865 2376 sanandum
889 2311 1130 2376 consideremus
1152 2332 1180 2374 ν.

94 2409 320 2500 antsaophicum
345 2419 419 2480 582.
443 2416 505 2480 Sed
530 2436 606 2479 cum
631 2416 685 2479 hic
709 2435 839 2498 quoque
863 2436 977 2480 versus
1001 2417 1035 2479 in
1051 2416 1110 2480 RV
1135 2416 1183 2478 in-

95 2507 243 2584 diametro
264 2522 312 2584 sic
329 2518 534 2584 exhibeatur:
560 2523 657 2600 χαῖρε,
678 2518 759 2597 χαῖρ’
782 2518 808 2581 ὦ
828 2518 952 2597 φίλταθ’
968 2517 1058 2599 ί-τατ’
1075 2518 1103 2581 R
1119 2537 1182 2580 sec.

93 2606 181 2699 Heni.)
195 2625 232 2689 ὡς
249 2625 424 2703 ἀςμὲνοιςιν
440 2625 509 2702 ἡμῖν
526 2624 631 2705 ἦλθες,
657 2642 698 2685 ex
723 2641 760 2685 co
785 2624 924 2685 metrum
948 2643 977 2685 v.
1003 2623 1066 2685 346
1091 2622 1184 2685 resti-

95 2712 130 2773 tui
147 2729 246 2807 nequit
276 2726 363 2790 illud
392 2726 523 2810 quidem
553 2745 594 2789 ex
623 2724 827 2788 adnotatione
856 2724 953 2787 schol.
983 2727 1107 2788 certum
1136 2731 1185 2787 est

96 2832 402 2896 n11111erostrochaicos
420 2832 528 2895 versui
545 2832 653 2893 nostro
675 2828 858 2893 reddendos
882 2850 961 2894 esse.
987 2830 1186 2914 Quapropter

97 2913 237 2998 Meiuekjus
265 2936 385 3017 aliique
414 2933 557 2997 Porsono
583 2938 714 2996 auctore
738 2933 984 3015 pronominibus
1008 2955 1046 3010 με
1067 2933 1126 2998 RV
1154 2936 1187 2996 et

97 3040 132 3129 ild
144 3033 221 3103 schot.
238 3041 360 3120 eiectis,
382 3058 464 3121 quae
482 3042 520 3102 ut
542 3038 730 3121 saepissime
745 3039 797 3119 (cf.
814 3038 862 3102 ad.
879 3039 939 3102 Nb.
962 3041 1047 3103 1036
1063 3060 1091 3122 p.
1112 3041 1149 3102 17
1154 3040 1186 3119 3)

97 3127 128 3184 ¹²⁸
146 3129 279 3207 hocloco
305 3144 425 3206 inserta
449 3161 520 3206 esse
544 3141 721 3205 verisimile
741 3147 799 3222 est,
820 3143 845 3206 εί
866 3143 927 3218 γὰρ
945 3141 1093 3216 ἐκγένοιτ’
1111 3141 1186 3204 ίδεῖν

96 3226 137 3301 Τὴν
154 3236 254 3323 ἡμέραν
277 3248 398 3324 ταύτην
420 3248 498 3308 ποτὲ
524 3245 725 3326 scripserunt
748 3243 861 3307 ordine
877 3243 1049 3307 verborum
1072 3244 1186 3322 ταύτην

96 3327 137 3402 adv
156 3353 269 3430 mutato,
293 3368 335 3412 ne
351 3349 501 3430 quintum
522 3347 636 3430 pedem
657 3349 833 3411 tetrametri
854 3348 1010 3411 trochaici
1027 3346 1188 3430 spondeus

96 3464 126 3475 *
143 3459 187 3523 mv
204 3455 258 3530 τὴν
283 3458 464 3534 occuparet.

162 3547 191 3615 Iu
210 3556 521 3621 Acharnensium
538 3575 566 3618 ν.
585 3557 648 3618 778
667 3552 816 3617 codicum
832 3553 928 3616 lectio
945 3556 994 3616 est
1010 3553 1049 3617 οὐ
1070 3557 1189 3631 χρῆςθα

99 3645 168 3720 “itit
187 3656 282 3723 Schol.
307 3658 336 3722 R
360 3657 516 3741 explicat:
543 3657 721 3735 λεληθότως
744 3657 825 3734 πρὸς
843 3659 882 3720 τὰ
906 3659 1040 3735 χοιρίδια
1056 3657 1137 3731 λέγει
1152 3655 1189 3718 τὸ

98 3739 126 3802 οὐ
144 3762 246 3835 thiedo
269 3765 367 3836 ςιγοίν.
401 3760 495 3844 Legit
516 3760 618 3843 igitur
644 3759 730 3822 haud
755 3758 853 3822 dubie
877 3759 916 3822 οὐ
945 3763 1067 3838 χρῆςβα
1095 3761 1190 3832 ςιγᾶν.

100 3840 174 3956 th
193 3866 382 3948 scripturam
406 3865 570 3927 infinitivo
593 3862 712 3927 Dorico
737 3867 823 3940 ςιγῆν
847 3862 986 3944 reposito
1006 3860 1191 3924 Meinelrius

99 3962 133 4012 erc
150 3969 241 4031 vertit:
266 3988 332 4031 non
357 3966 455 4031 debes
473 3968 577 4031 silere.
606 3969 650 4031 At
669 3986 728 4029 suo
750 3967 821 4029 iure
841 3964 1035 4045 Blaydesius
1053 3970 1192 4042 veretur,

96 4054 123 4111 lt
142 4071 243 4146 λβῆςθα
266 4070 433 4154 significet
456 4068 608 4133 “debes''.
637 4069 719 4132 Nam
745 4072 865 4147 χρῆςθα
889 4087 945 4149 pro
969 4070 1097 4148 χρῄζεις,
1122 4066 1140 4128 i.
1166 4084 1192 4128 e.

97 4153 226 4256 uacupjs
249 4173 373 4237 dichrm
397 4173 510 4236 volunt
531 4171 637 4253 Danu,
661 4171 787 4253 Bergk,
804 4170 933 4232 Ahrons
949 4168 998 4232 De
1018 4168 1100 4231 Dial.
1117 4167 1193 4230 Dor.

97 4274 117 4337 l·
135 4267 189 4338 353.
218 4276 332 4359 ltaque
360 4277 471 4339 nescio
499 4296 540 4338 an
569 4277 709 4358 praestet
737 4293 811 4338 cum
840 4272 989 4353 Berghio,
1016 4269 1194 4334 Fritzschio
