3354 4930
214 396 400 467 Quaestiones
410 393 617 448 Tertullianeae
627 392 665 447 ad
675 393 776 448 librum
786 393 929 448 Adversus
939 393 1067 448 Praxean
1080 392 1259 463 pertinentes.
1298 387 1340 451 29

214 565 469 646 demonstrem1).
493 563 723 647 Exemplorum
743 565 827 628 enim
845 565 953 628 omnia
967 564 1070 647 plena,
1091 565 1130 629 cf.
1144 585 1170 629 e.
1182 586 1210 649 g.
1224 566 1340 649 locum,

214 690 308 753 quem
330 668 438 733 laudat
457 668 657 751 Brugschius
676 666 755 746 (Rel.
766 685 796 730 u.
809 665 943 748 Mythol.
956 666 985 730 d.
998 667 1050 730 alt.
1062 669 1229 751 Aegypter
1243 669 1322 750 427)
1333 659 1347 731 ε’

216 772 309 838 «dein
326 771 482 836 Auswmr
501 769 589 833 vvard
609 770 664 852 (du
686 771 757 834 hast
776 770 850 834 dieh
867 770 1098 853 ausgevvorten,
1113 777 1340 854 ausgegossen)

212 895 285 939 zum
301 874 394 938 Gotte
411 873 498 938 Solia
516 873 584 938 und
604 872 676 937 dein
693 873 829 956 Ausguss
846 873 980 957 (Erguti)
994 893 1054 936 aur
1068 873 1178 937 Gdttin
1193 874 1339 938 Tainat».

211 978 274 1042 Per
298 977 529 1042 emanationem
554 971 736 1058 (ἀπορροήν
760 977 810 1042 vel
833 973 1012 1056 προβολήν)
1036 995 1078 1040 cx
1102 975 1171 1040 deis
1194 975 1247 1040 dei
1269 997 1341 1042 nas-

211 1085 337 1162 cuntur,
361 1079 451 1142 velut
474 1081 582 1159 Atum,
607 1079 664 1160 qui
687 1079 755 1162 ipse
780 1081 829 1143 est
851 1079 907 1160 Re,
932 1098 972 1142 ex
992 1097 1027 1143 se
1046 1077 1215 1162 ‘producit'
1235 1077 1340 1162 Ogdo-

212 1183 271 1248 ada
286 1182 429 1263 deorum,
445 1181 526 1244 Thot
540 1181 663 1264 profert
678 1199 719 1245 ex
737 1202 771 1246 se
789 1185 939 1265 quattuor
955 1182 1039 1264 deoc,
1057 1183 1113 1264 qui
1129 1181 1190 1264 ipsi
1202 1182 1236 1244 in
1249 1187 1341 1263 quat-

211 1290 284 1350 tuor
307 1287 441 1350 deorum
462 1287 550 1368 paria
569 1285 697 1364 abeunt
722 1285 769 1350 Re
789 1286 907 1350 emittit
925 1285 1012 1349 Schu
1032 1287 1064 1348 et
1081 1284 1203 1364 Telnetr
1229 1304 1340 1349 omnes

211 1394 317 1456 tamen
342 1411 415 1454 cum
439 1391 541 1473 primo
565 1389 620 1453 illo
646 1391 705 1454 deo
731 1409 831 1453 anum
851 1388 1007 1453 efficiunt.
1041 1387 1167 1472 Optime
1187 1389 1248 1453 hoo
1267 1389 1339 1453 illu·

210 1497 329 1558 stratur
352 1493 561 1576 inscriptione
581 1491 719 1576 quadam
743 1513 761 1554 a
781 1493 849 1554 viro
870 1489 1053 1554 doctissimo
1073 1489 1220 1574 Maspero
1236 1509 1341 1574 nuper

211 1598 295 1663 edita
318 1596 462 1677 (Recueil
487 1596 543 1659 des
567 1599 702 1659 travaux
728 1594 849 1659 relatifs
878 1594 949 1657 ala
972 1593 1144 1677 philologia
1176 1597 1208 1658 et
1231 1594 1340 1658 al'ar-

211 1701 374 1782 cheologio
394 1699 603 1782 egyptienncs
623 1701 656 1762 et
671 1699 875 1778 assyrienues
893 1695 1008 1759 XXIII
1026 1697 1111 1782 196),
1131 1697 1225 1760 cuias
1241 1698 1340 1762 verba

211 1805 259 1868 sic
282 1803 335 1866 ille
358 1802 469 1866 vertit:
500 1800 541 1882 ‘je
565 1802 632 1864 sais
661 1821 705 1864 un
734 1800 789 1882 qui
819 1799 949 1863 devient
972 1797 1069 1880 deux,
1096 1801 1127 1880 je
1156 1800 1224 1863 suis
1252 1800 1338 1864 deux

213 1905 266 1988 qai
292 1904 422 1968 devient
445 1909 565 1985 quatre,
588 1903 619 1984 je
643 1903 712 1966 suis
736 1907 848 1985 quatre
873 1901 928 1983 qui
955 1901 1085 1964 devient
1108 1901 1192 1984 huit,
1214 1903 1246 1983 je
1270 1905 1338 1967 suis

211 2028 255 2072 ua
269 2013 360 2092 apres
374 2005 556 2084 celui-lau).
579 2005 669 2070 Tales
690 2005 890 2068 diversarum
905 2004 1039 2068 fortasse
1055 2005 1246 2088 religionum
1264 2005 1339 2070 doc-

210 2113 309 2175 trinas
328 2110 472 2174 Gnostici
494 2109 540 2172 illi
559 2108 810 2188 aemulabantur,
835 2106 1024 2171 excolebant
1042 2109 1148 2170 autom
1168 2125 1221 2170 eas
1241 2107 1338 2172 Grae-

210 2233 318 2278 corum
339 2211 478 2275 maxime
498 2210 675 2275 doctrinam
695 2213 807 2275 secuti.
839 2210 921 2274 Nam
941 2209 996 2292 qui
1017 2229 1054 2273 ea
1072 2211 1174 2272 aetate
1194 2209 1337 2274 Platonis

210 2321 315 2381 sectae
339 2314 562 2394 adhaerebant,
587 2316 646 2378 etsi
670 2335 773 2378 unum
797 2313 893 2377 deum
917 2313 1163 2396 proclamabant
1187 2315 1295 2376 tamen
1320 2335 1338 2377 a

208 2419 334 2483 Timaeo
352 2417 494 2501 magistri
511 2417 561 2479 sai
577 2418 713 2500 protecti
730 2419 763 2480 in
781 2419 850 2500 ipsa
866 2417 988 2480 unitate
1005 2415 1244 2479 multitudinem
1260 2437 1338 2498 quo-

212 2521 378 2585 dammodo
404 2520 650 2599 constituebant,
674 2519 763 2584 velut
786 2519 963 2583 Hermetici
992 2523 1144 2582 tractatus
1174 2519 1337 2586 undecimi

209 2629 250 2709 (p.
263 2627 305 2688 85
325 2625 477 2705 Parthey)
501 2626 620 2705 auctor,
645 2624 699 2705 qui
725 2621 801 2682 θεὸν
817 2619 920 2681 αἰῶνα
941 2618 1060 2696 κόεμον
1076 2618 1195 2697 χρόνον
1216 2619 1337 2693 γένεαν

211 2728 299 2808 quasi
319 2746 472 2810 personas
496 2727 687 2790 introducit:
713 2723 731 2786 ὁ
754 2723 828 2787 θεὸς
851 2723 954 2785 αἰῶνα
974 2725 1070 2798 ποιεῖ,
1093 2721 1111 2784 ὁ
1134 2722 1214 2786 αἰῶν
1230 2725 1266 2785 δὲ
1280 2724 1337 2787 τὸν

210 2825 336 2904 κόεμον,
359 2825 377 2888 ὁ
400 2825 516 2904 reaper
538 2828 574 2889 δὲ
588 2827 645 2889 τὸν
661 2825 790 2903 χρόνον,
818 2825 836 2887 ὁ
858 2825 976 2902 χρόνο(
991 2826 1027 2887 δὲ
1041 2825 1099 2900 τήν
1113 2826 1234 2900 γένεαν
1251 2871 1256 2884 .
1273 2874 1279 2888 .
1295 2875 1302 2888 .
1319 2825 1337 2888 ὁ

210 2924 269 2986 οὖν
285 2925 365 2988 αἰῶν
380 2924 414 2987 ἐν
428 2929 474 3007 τῷ
491 2928 565 3006 θεῷ,
580 2924 599 2986 ὁ
615 2925 651 2986 δὲ
666 2925 782 3002 κόεμοε
797 2924 832 2986 ἐν
846 2927 892 3006 τῷ
909 2922 1009 2997 αἰῶνι,
1025 2923 1043 2985 ὁ
1059 2924 1095 2985 δὲ
1109 2923 1227 3002 χρόνος
1242 2923 1276 2986 ἐν
1291 2929 1336 3009 τῷ

210 3021 326 3104 κόεμῳ,
342 3023 360 3100 ἡ
378 3023 544 3097 bertreae
560 3023 594 3085 ἐν
605 3027 651 3106 τῷ
663 3023 771 3103 χρόνῳ
786 3070 791 3082 .
804 3069 811 3084 .
824 3071 830 3084 .
842 3022 925 3098 πηγὴ
940 3022 996 3098 μὲν
1008 3020 1210 3085 οὖνπάντων
1222 3021 1241 3084 ὁ
1253 3023 1336 3094 θεός,

209 3119 300 3184 edcta
315 3123 350 3183 δὲ
366 3121 384 3183 ὁ
400 3121 490 3195 οἰῶν,
505 3118 566 3197 tta
583 3123 619 3183 δὲ
634 3119 652 3182 ὁ
668 3121 784 3198 κὸεμοε
800 3121 875 3195 κτλ.,
895 3124 934 3188 cf.
948 3143 976 3206 p.
988 3124 1030 3186 94
1047 3119 1108 3183 itu
1122 3120 1231 3183 τοίνυν
1243 3121 1337 3184 εἰκῶν

207 3225 266 3286 τοῦ
281 3227 358 3287 θεοῦ
374 3223 393 3286 ὁ
409 3224 498 3302 οἰῶν,
513 3226 571 3286 τοῦ
588 3225 623 3286 δὲ
639 3223 757 3286 αἰῶνος
773 3222 791 3286 ὁ
807 3224 1005 3300 sdruccioli
1020 3222 1190 3299 δὲκόεμου
1206 3221 1336 3300 bibliot,

208 3324 241 3385 et
251 3324 356 3385 tamen
370 3321 543 3405 proclamat
555 3317 600 3382 εἰ(
616 3318 634 3380 ὁ
650 3317 724 3381 θεὸς
735 3321 844 3404 (pua).
864 3318 927 3384 Sed
940 3319 1019 3382 haec
1032 3317 1227 3382 doctioribus
1240 3337 1337 3402 expo-

208 3423 312 3488 nenda
325 3424 547 3506 relinquimus,
560 3423 652 3487 nobis
663 3426 740 3487 satis
751 3424 800 3492 sit
811 3425 836 3486 si
848 3443 950 3487 unum
961 3441 1099 3504 eumque
1109 3423 1335 3506 gravissimam

206 3525 393 3590 Tertulliani
413 3527 519 3591 locum
542 3532 629 3590 recte
650 3527 829 3610 explicasse
854 3532 886 3591 et
909 3524 1127 3591 emendavisse
1146 3524 1336 3590 videbimur.

302 3664 319 3732 ¹)
337 3663 410 3717 Usus
424 3680 486 3718 sum
500 3665 544 3718 his
557 3665 650 3718 libris:
664 3662 920 3730 Reitzenstein,
934 3663 1008 3717 Zwei
1024 3663 1099 3733 relig.
1113 3664 1206 3732 gesch.
1220 3663 1336 3733 Fragen,

209 3749 294 3815 1901;
318 3749 372 3816 id,
392 3748 587 3816 PoimandreS,
609 3749 692 3816 1904;
717 3748 916 3816 Diimichen,
940 3749 1038 3803 Geseh.
1057 3749 1082 3802 d.
1101 3749 1147 3804 alt.
1166 3749 1231 3817 Aeg.
1251 3748 1335 3815 1879;

206 3833 341 3900 Erman,
360 3835 612 3903 Aegypten‚1885;
632 3834 686 3901 id,
706 3833 755 3888 Die
775 3837 817 3903 dg.
831 3833 968 3902 Religion,
989 3834 1074 3900 1905;
1093 3835 1256 3903 Brugsch,
1277 3834 1335 3888 Hel.

207 3935 234 3976 u.
247 3920 361 3990 Mythol.
377 3921 401 3974 d.
416 3937 441 3975 a.
455 3921 520 3991 Aeg.
534 3922 559 3974 2.
574 3921 648 3988 volt,
663 3921 740 3986 1885,
760 3920 815 3986 id.,
835 3920 885 3974 Die
898 3919 1106 3988 Aegyptologio,
1121 3919 1198 3972 1891.
1218 3917 1335 3984 Ebers,

207 4005 256 4060 Die
280 4007 452 4076 Kdrperteile
477 4006 514 4060 im
538 4007 677 4076 Alltgypt.
702 4006 732 4059 in
750 4005 820 4059 aba.
839 4005 864 4060 d.
883 4006 961 4074 bayr.
979 4005 1039 4068 Ala,
1063 4003 1273 4074 philos-philol.
1294 4004 1335 4058 Kl.

208 4091 287 4158 1901,
307 4092 362 4146 vol.
375 4091 444 4144 XXI.

298 4176 319 4246 ²)
338 4176 407 4230 Aliis
427 4176 497 4230 locis
517 4175 616 4244 reliqui
635 4175 680 4230 dei
701 4175 743 4229 vel
759 4173 871 4243 Ogdoas
885 4175 947 4244 ipsa
960 4176 1087 4230 membra
1099 4174 1201 4244 prioris
1214 4173 1259 4229 dei
1278 4174 1336 4228 elli·

208 4261 293 4325 ciunt,
314 4263 346 4316 cl.
360 4263 576 4317 Reitzensteinii
595 4261 757 4317 Poimandri
776 4261 811 4316 62
822 4278 881 4331 sqq.
