3178 4918
378 415 444 478 230
804 420 918 476 Victor
941 419 1083 488 Goulon,

468 593 538 657 Vss.
559 593 777 658 1040-1041
802 593 881 656 inR
904 593 952 656 sic
973 591 1184 656 exhibentur:
1209 595 1304 670 φῶτα
1326 591 1531 667 λιτομέναν·

377 699 617 775 πολυδάκρυτον
635 697 721 761 Ἀίδα
749 697 831 771 γόον
854 697 1038 774 φεύγουςαν
1068 695 1258 777 (φλέγουςαν
1282 693 1531 777 Musgravius).

376 796 415 862 In
439 799 581 864 scholR
605 800 684 864 haec
707 799 858 882 deinceps
887 799 1170 881 interpretamenta
1192 795 1415 880 praebentur:
1452 800 1530 858 δεο-

377 904 452 982 μένη
476 906 534 966 τοῦ
560 904 733 982 βαρβάρου.
766 901 830 965 Hic
853 903 952 984 igitur
974 900 1146 965 scholiasta
1169 904 1264 980 φῶτα
1288 901 1448 976 λιτομένα
1476 899 1529 959 ιιι-

375 1007 472 1070 venit
509 1005 601 1069 Alius
629 1005 796 1088 interpres,
825 1025 898 1068 cum
927 1003 1059 1068 adderet
1085 1007 1237 1081 προεῖπεν
1262 1005 1297 1066 δὲ
1321 1005 1450 1076 γοᾱςθέ
1479 1020 1527 1079 με,

375 1108 401 1171 ὦ
429 1113 573 1185 γυναῖκες
606 1111 646 1188 (ιι.
666 1109 771 1190 1036),
803 1111 897 1187 φῶτα
929 1108 1093 1185 λιτομέναν
1122 1106 1207 1188 legit.
1242 1104 1369 1169 Tertius
1404 1113 1524 1166 alitem

373 1210 599 1294 grammaticus
631 1211 752 1274 variam
784 1209 954 1274 lectionem
987 1215 1081 1288 φῶτα
1115 1207 1209 1291 (φῶτ’
1244 1207 1524 1283 Rutberiordius)

373 1314 532 1392 ἀντομινα
551 1317 784 1378 commemorat.
817 1312 966 1396 Denique
985 1317 1098 1395 quarta
1121 1313 1280 1394 scriptura
1298 1317 1433 1393 praesto
1456 1311 1524 1372 fuit

373 1417 403 1481 ei
419 1416 617 1499 scholiastae,
641 1417 696 1498 qui
712 1416 952 1480 animadvertit:
976 1419 1074 1480 τοῦτο
1091 1413 1154 1492 ἔχει
1170 1417 1250 1478 νοῦν
1266 1415 1349 1492 πρὸς
1363 1415 1408 1476 τὰ
1427 1413 1521 1488 ἑξῆς·

373 1519 456 1598 φῶτ’
473 1520 649 1597 ἀντομέναν
669 1521 705 1584 ὃς
731 1519 776 1597 ἔμ’
794 1520 968 1598 ἀπεξύρηςε
986 1523 1126 1596 πρῶτον.
1150 1517 1202 1581 Ad
1222 1517 1309 1580 huuc
1328 1517 1446 1581 locum
1469 1535 1520 1577 sa-

371 1621 512 1685 nandum
544 1623 682 1705 primum
709 1623 891 1704 inquiratur
913 1639 1046 1686 necesse
1072 1627 1128 1701 est,
1151 1623 1260 1684 utrum
1283 1619 1518 1683 nominativus

370 1745 411 1788 au
435 1726 639 1789 accusativus
662 1727 750 1789 recte
767 1745 801 1788 sc
818 1711 941 1788 habeat.
973 1724 1085 1788 Iudice
1102 1723 1228 1803 liugero
1245 1722 1515 1785 “nominativum

370 1835 402 1892 et
418 1829 518 1892 oratio
535 1829 670 1911 requirit
685 1835 718 1892 et
734 1828 922 1892 scholiastae
938 1829 1113 1892 auctoritas
1130 1826 1330 1891 confirmat’.
1355 1825 1515 1909 angerus

369 1931 468 2014 igitur
492 1931 597 1996 verbis
621 1935 716 2010 φῶτα
739 1935 883 2010 λιτομένα
908 1969 950 1978 -
975 1934 1135 2011 φλέγουςα
1159 1949 1232 1994 cum
1257 1931 1302 1994 ὡς
1325 1931 1427 2006 μέλεα
1455 1932 1514 2006 μὲν

369 2037 514 2099 πέπονθα
544 2037 653 2113 μέλεος
684 2035 866 2099 coniunctis
894 2037 940 2098 ita
963 2037 1073 2098 vertit:
1102 2036 1167 2097 iam
1194 2033 1327 2115 indigna
1352 2051 1513 2116 perpessa

368 2157 440 2201 sum
470 2138 577 2200 virum
605 2137 776 2202 obsecrans
804 2137 838 2200 in
867 2138 970 2202 flabili
998 2137 1089 2200 luctu
1119 2155 1198 2200 meo.
1234 2135 1296 2200 Sed
1326 2137 1443 2200 nescio
1469 2155 1508 2196 au

367 2245 506 2323 praestet
529 2241 748 2304 accusativum
769 2245 862 2320 φῶτα
881 2241 1047 2318 λιτομέναν
1066 2238 1107 2304 ad
1124 2241 1240 2315 γοᾶςθέ
1261 2239 1291 2317 μ’
1310 2239 1448 2318 referre,
1473 2240 1510 2300 ut

367 2341 528 2407 locossic
552 2349 709 2407 vertatur:
740 2343 940 2422 Miseremini
963 2343 1036 2423 mei,
1060 2363 1078 2406 o
1103 2342 1262 2422 mulieres
1286 2379 1331 2389 —
1355 2362 1432 2404 nam
1459 2342 1508 2403 iu-

367 2445 464 2527 digna
483 2465 636 2530 perpessa
651 2465 723 2509 sum
739 2483 783 2492 -
799 2447 904 2508 virum
921 2446 1118 2510 obsecrantis
1136 2447 1171 2508 in
1187 2445 1289 2509 flebili
1308 2445 1400 2508 luctu
1423 2463 1506 2507 meo.

366 2548 479 2631 Neque
508 2551 594 2613 enim
622 2550 741 2613 iniuria
770 2549 967 2613 Fritzschius
996 2550 1029 2611 in
1060 2549 1164 2612 adnot.
1187 2548 1227 2612 ad
1258 2549 1286 2611 h.
1304 2567 1333 2610 ν.
1355 2549 1502 2613 monuit:

366 2649 553 2728 *λιτομέναν
578 2652 672 2716 docta
695 2673 733 2715 ac
757 2671 887 2735 prorsus
907 2653 1067 2735 exquisita
1091 2651 1186 2716 lectio
1206 2657 1261 2716 est.
1294 2649 1405 2715 Licuit
1426 2669 1504 2714 saue

366 2754 489 2836 vulgari
509 2755 603 2818 modo
622 2755 774 2838 scribere,
799 2761 892 2835 φῶτα
911 2757 1066 2836 λιτομένα,
1091 2755 1217 2818 scilicet
1236 2757 1331 2831 μέλεα
1351 2756 1501 2818 πέπονθα

365 2857 470 2919 virum
495 2857 666 2922 obsecrans
694 2857 826 2942 indigna
854 2877 1003 2941 perpessa
1030 2877 1111 2920 sum.
1148 2859 1191 2921 At
1218 2857 1304 2922 enim
1333 2857 1502 2940 praecedit

365 2959 461 3022 etiam
484 2959 573 3040 illud,
597 2961 714 3034 γοᾶςθέ
740 2961 779 3042 μ’,
795 2961 834 3024 ad
860 2961 945 3042 quod
965 2961 1109 3042 verbum,
1134 2980 1232 3043 quum
1258 2961 1290 3022 in
1312 2967 1378 3024 tota
1398 2979 1500 3025 euuu-

365 3062 497 3126 tiatione
521 3063 709 3146 primarium
737 3064 786 3146 sit,
814 3065 916 3147 magis
944 3064 1070 3146 poetica
1099 3083 1160 3128 nec
1187 3065 1371 3146 refragante
1401 3081 1498 3127 seusu

364 3165 531 3248 participia
554 3166 834 3230 accomodantur”.
859 3167 928 3230 lam
951 3167 1110 3250 scriptura
1133 3167 1161 3230 R
1185 3165 1317 3230 defensa
1342 3167 1497 3244 dicamus,

365 3269 524 3350 quomodo
555 3269 643 3332 varia
674 3269 770 3333 lectio
804 3269 962 3348 ἀντομένα
996 3269 1187 3352 explicanda
1216 3271 1265 3333 sit
1302 3269 1392 3346 Quae
1427 3271 1495 3332 sinc

365 3370 462 3434 dubio
482 3391 523 3434 ex
544 3372 659 3435 litteris
678 3377 705 3436 λι
724 3377 756 3436 et
774 3394 793 3436 ν
812 3371 1009 3437 maiusculae
1026 3373 1149 3436 tonnae
1167 3373 1375 3456 permutatis:
1402 3391 1495 3452 φωτα

364 3473 398 3537 ΛΙ
422 3473 473 3556 (Ν)
497 3475 654 3557 originem
685 3476 787 3538 duxit
822 3473 971 3557 Denique
1002 3481 1038 3538 ut
1068 3477 1237 3559 participia
1260 3480 1430 3554 λιτομέναν
1454 3509 1488 3518 -

364 3579 544 3656 φλέγουςαν
574 3579 729 3660 particula
760 3599 825 3642 non
857 3579 1030 3642 coniuncta
1061 3579 1278 3662 illustrentur,
1312 3595 1492 3662 comparare

363 3680 440 3743 licet
461 3679 582 3744 similes
598 3681 854 3745 constructiones
873 3683 905 3744 iu
923 3682 983 3745 Ar.
1001 3683 1064 3745 620
1073 3701 1140 3764 sqq.
1166 3681 1200 3746 έν
1223 3686 1317 3746 ταῖςιν
1343 3685 1490 3760 κομάροις

364 3785 498 3847 καὶτοῖς
523 3785 657 3848 κοτίνοις
683 3785 808 3848 (πάντες
838 3785 964 3862 ἔχοντες
987 3786 1095 3863 κριθὰς
1119 3791 1151 3848 et
1174 3785 1229 3849 Ra.
1249 3785 1412 3867 l3llsqq.
1430 3785 1490 3856 τέγ-

364 3905 471 3960 γουςαι
500 3887 616 3950 νοτίοις
652 3892 779 3964 πτερών
814 3889 910 3964 bauto
946 3887 1028 3965 χρόα
1062 3890 1293 3968 δροςιζόμεναι,
1328 3887 1384 3951 ubi
1421 3885 1489 3948 ride

365 3987 479 4052 Koclrii
502 3988 607 4052 adnot.
1517 3989 1519 3994 ’
