3248 4910
387 361 430 425 48
812 367 848 422 ll.
867 367 1089 436 Heinemann‚

386 539 500 622 serint,
529 539 586 622 qui
609 537 650 603 ad
673 557 838 604 sermones
860 539 1137 623 philosophorum,
1164 539 1302 605 fortasse
1330 539 1521 621 Stoicorum,

387 667 525 731 quorum
538 647 703 712 doetrinae
714 647 900 712 Sextiorum
912 646 1080 712 sententiis
1091 647 1273 713 simillimae
1284 653 1387 732 erant,
1400 658 1522 732 speeta-

385 751 511 814 verunt

477 853 636 931 Quoniam
665 871 707 918 ex
734 851 799 916 illis
827 851 982 937 epistulis
1010 851 1129 936 quibus
1152 852 1366 918 Philostratus
1398 851 1441 918 de
1468 855 1522 936 ira,

387 954 428 1022 de
444 956 552 1038 exilio,
577 955 616 1020 de
632 957 820 1040 paupertate
836 956 910 1039 agit,
934 955 1077 1039 intellegi
1101 959 1206 1041 potest
1224 957 1521 1042 epistolographum

386 1082 482 1148 saepe
491 1064 526 1128 in
536 1062 652 1127 studiis
661 1063 835 1146 rhetorum,
849 1083 988 1146 quorum
997 1072 1185 1148 argumenta
1195 1083 1237 1130 ax
1247 1063 1399 1129 diatribis
1410 1065 1522 1130 hausta

386 1169 472 1248 sunt
491 1169 655 1230 versatum
674 1183 754 1248 esse,
773 1166 836 1229 iam
856 1165 897 1230 ad
916 1166 1070 1251 episttdas
1089 1169 1133 1232 30
1149 1169 1216 1252 (58)
1240 1173 1273 1233 et
1292 1170 1333 1232 31
1350 1169 1425 1251 (60)
1443 1176 1522 1232 trao-

386 1268 499 1334 tandas
523 1276 732 1350 transeamus
756 1287 892 1352 quarum
915 1269 1022 1352 altera,
1044 1276 1082 1335 ut
1104 1271 1273 1336 mulierem
1294 1270 1462 1354 quandam
1484 1269 1521 1334 ad

385 1371 620 1438 moechandum
635 1371 756 1454 incitet,
773 1391 886 1436 causas
901 1371 1006 1455 affert,
1023 1392 1083 1438 our
1098 1373 1225 1439 adulter
1235 1374 1351 1438 marito
1363 1374 1401 1437 in
1415 1391 1523 1438 amore

385 1473 617 1560 praeferendus
645 1474 698 1557 sit,
727 1474 826 1540 altera
854 1473 894 1540 de
921 1476 1074 1559 perieulis
1101 1477 1229 1542 moechi
1256 1477 1397 1542 disserit
1441 1476 1522 1541 Con-

385 1579 518 1644 ieeerim
541 1577 771 1641 Philostratum
795 1575 834 1640 ab
859 1577 930 1642 aliis
955 1578 1102 1662 epistulis
1126 1579 1296 1661 amatoriis,
1325 1598 1412 1662 quae
1437 1577 1520 1644 idem

385 1683 611 1766 argumentum
641 1681 791 1763 tractant,
824 1679 973 1764 pendere.
1015 1679 1108 1758 Quod
1140 1681 1352 1747 confirmatur
1384 1682 1522 1766 epistula

386 1783 595 1851 Clementinis
611 1783 733 1847 inserte
749 1782 778 1846 V
792 1785 811 1846 9
828 1789 868 1866 (p.
883 1783 923 1846 65
935 1802 1004 1866 sqq,
1021 1783 1069 1848 ad.
1083 1783 1164 1848 Paul
1185 1783 1225 1848 de
1237 1781 1407 1866 hogarde),
1428 1784 1520 1848 cuius

385 1891 498 1954 auotor
518 1887 624 1972 Appio
647 1886 800 1970 tingitur3
825 1886 881 1969 qui
905 1885 1075 1970 epistulam
1098 1885 1137 1950 ad
1157 1885 1296 1970 puellam
1315 1906 1335 1950 a
1354 1886 1520 1952 Clemente

387 1997 524 2056 amatam
549 2006 745 2073 componens
764 1987 947 2054 inducitur:
972 1991 1022 2054 καὶ
1046 1988 1220 2054 ὁἈππίων
1245 1989 1384 2056 ἐπύθετο
1407 1989 1436 2054 εἰ
1459 1990 1520 2054 ἐπι-

387 2097 499 2160 ετεῑλαι
517 2092 596 2174 αὐτῇ
616 2091 757 2157 δυνατόν
776 2091 864 2156 ἐστιν.
888 2091 975 2168 κάγὼ
996 2091 1078 2172 ἔφην
1098 2089 1248 2156 ’δυνατὸν
1266 2092 1366 2157 τοῦτό
1386 2092 1446 2168 γε’.
1475 2092 1520 2156 κοί

387 2197 405 2261 ὀ
422 2197 558 2262 Ἀππίων
573 2195 637 2276 ἔφη
654 2195 713 2261 ’ἔτι
727 2201 764 2278 τῇ
780 2196 866 2260 νυκτὶ
880 2196 979 2278 ταύτῃ
1001 2195 1175 2273 ευγγράψω
1196 2196 1327 2276 βιβλίον,
1345 2197 1519 2276 μοιχεία(

387 2300 589 2380 ἐγκώμιον,
618 2297 699 2378 ὅπερ
728 2300 764 2364 th
795 2297 966 2378 παρ’ἐμοῦ
998 2300 1108 2377 λαβὼν
1132 2299 1319 2378 διαπέμψειε
1346 2298 1439 2382 αὐτῇ,
1473 2301 1519 2362 καὶ

387 2403 499 2467 ἐλπίζω
524 2400 571 2466 ὅτι
593 2405 747 2466 πειεθεῐεα
770 2399 977 2478 ευνθήεεται’.
1014 2399 1087 2465 Νοο
1111 2400 1216 2465 solum
1239 2405 1442 2485 argumento,
1465 2400 1517 2466 sed

386 2506 483 2571 etiam
506 2505 644 2589 singulis
667 2504 765 2570 rebus
789 2504 975 2570 Philostrati
998 2510 1030 2570 et
1057 2503 1230 2570 Clementis
1254 2505 1415 2588 epistulae
1439 2507 1520 2570 inter

384 2605 421 2674 'se
448 2608 662 2674 consentiunt
702 2607 848 2690 Uterque
871 2607 1147 2692 epistolographus
1171 2608 1271 2690 enim,
1300 2613 1337 2672 ut
1364 2609 1518 2674 mulieres

385 2715 506 2776 amatas
530 2711 570 2776 ad
589 2729 730 2776 amorem
749 2709 887 2775 adulteri
909 2709 1084 2794 impellant,
1109 2710 1256 2796 exemplo
1280 2711 1375 2792 Iovis,
1399 2711 1517 2776 summi

386 2813 447 2897 dei,
472 2815 575 2879 utitur
592 2819 625 2879 et
642 2815 780 2878 mutatas
798 2814 928 2898 formas,
950 2832 1029 2898 quas
1048 2812 1233 2879 adhibuerit
1254 2814 1290 2877 in
1308 2813 1517 2894 moechando,

385 2923 418 2982 et
441 2917 635 2983 clarissimos
657 2916 785 3000 liberos
810 2917 866 3001 qui
890 2936 932 2982 ex
955 2915 1113 2982 adulterio
1139 2916 1226 2981 lovis
1248 2916 1317 2980 nati
1339 2917 1416 3000 sint,
1441 2935 1517 2982 enu-

385 3023 495 3086 merat
520 3020 566 3086 ct.
583 3020 772 3087 Clementin.
789 3021 819 3084 V
838 3023 877 3086 11
898 3023 938 3106 (p.
953 3022 994 3085 66
1014 3021 1063 3085 ed.
1080 3018 1249 3104 Lagarde):
1270 3020 1381 3086 αὐτίκα
1397 3024 1482 3096 γοῦν
1497 3021 1513 3084 ὁ

384 3123 467 3189 Ζεὺε
485 3123 582 3190 αὐτὸ(
605 3171 660 3188 ...
679 3124 800 3203 μυοίαιε
819 3127 977 3203 ευνῆλθεν
995 3123 1133 3198 γυναιξίν
1158 3171 1213 3188 ...
1237 3124 1270 3187 et
1285 3123 1327 3186 12
1346 3127 1388 3206 (p.
1403 3124 1446 3188 67
1468 3119 1513 3188 ed

385 3225 555 3309 Lagardet:
580 3225 728 3306 ἀδελφήν
750 3228 811 3304 γὰρ
836 3227 937 3290 αὑτοῦ
955 3223 1059 3304 Ἥραν
1079 3225 1178 3290 oecos
1196 3229 1294 3307 γαμεῖ,
1319 3275 1399 3290 ....
1425 3225 1458 3294 ἐξ
1481 3224 1514 3302 ἡ(

377 3329 459 3410 Ἥβη
483 3332 587 3394 τεκαὶ
611 3329 765 3396 Είλείθωα
787 3330 914 3404 ἐγένετο
1019 3329 1159 3408 μίγνυται
1182 3330 1218 3393 δὲ
1241 3329 1291 3392 καί
1309 3327 1456 3412 Ἀντιόπῃ
1479 3332 1511 3409 τῇ

385 3433 538 3515 Νυκτέως,
559 3431 682 3516 corrippo
702 3433 959 3513 παρεικοεμένοε,
980 3429 1013 3498 ἐξ
1032 3430 1069 3510 ἦε
1084 3431 1221 3510 Ἀμφίων
1238 3433 1288 3495 καί
1300 3431 1410 3509 Ζῆθοε
1425 3429 1514 3508 γεγίν

384 3556 472 3600 ναειν
484 3558 511 3600 κ.
518 3557 544 3600 τ.
552 3537 576 3601 ἕ.
593 3555 667 3600 oum
677 3533 860 3600 Philostrati
874 3535 916 3598 30
928 3533 1011 3618 (58):
1029 3531 1116 3598 οὓτω
1193 3534 1244 3612 βοὶ
1255 3532 1337 3598 Ζεὺε
1350 3535 1401 3598 καί
1412 3536 1512 3614 χρυεῷ

385 3721 426 3778 Gi.
435 3727 464 3776 et
470 3721 601 3777 Bacchid.
610 3721 675 3776 603:
686 3721 824 3776 'sufflatus
838 3721 885 3776 ille
900 3720 955 3776 huc
967 3720 1072 3776 veniet'
1086 3724 1115 3775 et
1126 3719 1247 3775 Casinas
1259 3719 1325 3774 582:
1340 3717 1512 3790 'nescioquid

384 3827 416 3867 sa
435 3811 559 3867 sufflavit
577 3811 659 3866 uxori
677 3810 768 3866 suae'.
795 3809 877 3880 Apud
890 3809 1014 3866 Graecos
1030 3809 1147 3866 verbum
1167 3813 1260 3876 φυεᾶν
1278 3808 1354 3864 idem
1367 3809 1512 3880 siguificat.

384 3899 425 3958 Cf.
444 3901 642 3972 Aristophanis
669 3901 976 3970 Thesmophoriaznsas
1001 3900 1069 3956 221:
1095 3900 1197 3954 κάθιζε.
1227 3899 1302 3966 potu
1326 3899 1381 3965 τὴν
1407 3899 1512 3964 γνάθον

383 3991 437 4058 τὴν
456 3991 549 4046 δεξιον
567 3995 596 4047 et
614 3991 688 4046 Aves
706 3989 775 4045 859:
795 3994 898 4046 ποῠεοι
921 3991 952 4044 cd
973 3993 1083 4057 pocus,
1109 3989 1211 4060 quibus
1234 3987 1305 4044 locis
1323 3988 1379 4044 hoc
1397 3988 1510 4044 verbam

384 4081 421 4136 ad
434 4081 510 4136 tibiis
523 4083 658 4137 canentes
671 4083 789 4151 spectat,
801 4079 942 4150 Euripidis
954 4078 1127 4150 Iphigeniam
1141 4077 1171 4134 in
1180 4077 1281 4134 Aulide
1289 4077 1356 4133 381:
1377 4077 1441 4133 είπέ
1460 4091 1511 4143 μοι,

384 4169 412 4224 τί
430 4172 508 4225 δεινὰ
527 4175 635 4239 poth<
653 4169 813 4238 αἱματηρὸν
833 4170 901 4238 ὄμμ’
921 4169 1005 4240 ἔχων,
1030 4185 1085 4240 quo
1104 4167 1168 4225 ίοοο
1194 4169 1272 4223 δεινὰ
1290 4171 1384 4235 putor
1404 4167 1509 4222 iratum

385 4260 457 4316 esse'
476 4259 625 4331 significat.
