2932 4800
23 355 186 426 Epistulae
200 355 356 410 amatoriae
370 353 511 424 quomodo
525 353 698 409 cohaereant
710 368 775 407 cum
789 351 886 422 elegiis
896 351 1103 406 Alexandrinis.
1135 345 1175 407 15

27 546 147 610 quens
163 527 308 610 quaestio
325 532 381 607 est,
398 523 486 607 quod
501 542 605 608 genus
625 523 725 588 thesis
742 521 846 588 videri
866 525 989 607 potest.
1007 560 1049 570 -
1065 522 1177 587 Liceat

25 630 181 695 alterum
203 630 371 694 vetustatis
395 629 616 692 testimonium
639 626 765 708 alterne,
794 626 880 709 quod
905 626 1004 691 debeo
1026 626 1175 691 Reitzen-

29 734 154 799 steinii
178 732 429 798 benevolentiae.
460 731 623 795 Pacuvius
640 730 854 794 nocentiorem
873 728 1034 812 quandam
1053 735 1178 812 tragoe-

36 836 129 900 diam
154 836 383 920 interpretatus
402 834 447 899 ait
464 834 499 896 in
518 833 657 898 alieuius
680 830 809 897 fabulae
827 833 1008 917 fragmento
1032 831 1084 913 (cl.
1101 831 1179 896 Rib-

37 939 133 1022 beck,
158 939 332 1004 Soaenicae
354 938 572 1002 Romanorum
595 935 702 1018 poesis
725 936 905 1018 fragmenta
923 935 952 998 1³
977 955 1006 1019 p.
1025 937 1089 998 144
1102 938 1176 1019 sq.):

96 1083 272 1148 Fortunam
295 1083 442 1146 insanam
465 1100 536 1145 esse
560 1088 592 1145 et
615 1099 743 1146 caecam
767 1084 799 1144 et
821 1079 948 1143 brutam
971 1078 1180 1162 perhibent

901 1182 1134 1267 philosophi,

99 1290 249 1372 Saxaque
273 1290 392 1352 instare
415 1287 450 1350 in
473 1287 606 1371 globoso
630 1285 816 1371 praedicant
840 1284 1008 1349 volubilei:

99 1392 138 1456 Id
161 1412 226 1475 quo
252 1411 368 1456 saxum
392 1391 558 1474 impulerit
581 1390 661 1472 fora,
688 1409 725 1454 eo
751 1387 867 1455 cadere
886 1388 1061 1453 Fortunam
1088 1391 1181 1453 antu-

910 1498 1007 1555 mant.

99 1599 252 1662 insanam
280 1603 387 1662 autem
416 1615 492 1678 esse
516 1597 620 1678 aiunt,
644 1596 719 1679 qnia
746 1601 839 1659 atrox
862 1595 986 1659 incerta
1008 1594 1181 1659 instabilis·

912 1718 974 1781 que
997 1699 1046 1762 sit.

101 1806 238 1871 ancam
257 1802 297 1868 ob
315 1823 385 1869 eam
404 1823 473 1868 rem
492 1821 563 1868 esse
580 1803 705 1884 iterant,
725 1804 802 1886 quia
822 1803 868 1866 nil
888 1809 1006 1886 cernat,
1026 1823 1090 1886 quo
1109 1823 1181 1868 sese

912 1904 1060 1989 adplicet

102 2011 246 2092 Brutam,
262 2011 339 2093 quia
350 2008 484 2092 dignum
500 2015 597 2092 atque
610 2008 780 2092 indignum
796 2015 938 2091 nequeat
952 2011 1181 2074 internoscere.

102 2113 185 2178 Sunt
208 2118 316 2177 autem
340 2112 394 2176 alii
418 2112 608 2196 philosophi,
632 2112 689 2195 qui
713 2114 823 2176 contra
841 2110 1014 2176 Fortunam
1038 2118 1158 2196 negant

102 2215 244 2298 †Ullam
264 2215 427 2278 miseriam
446 2233 526 2295 esse,
547 2214 759 2278 temeritatem
786 2233 857 2278 esse
876 2215 983 2279 omnia
1003 2219 1180 2280 autumant

101 2319 141 2382 Id
160 2319 262 2402 magis
282 2317 471 2382 verisimile
491 2335 562 2381 esse
581 2334 659 2379 usus
678 2335 713 2380 re
734 2335 810 2401 apse
830 2318 1031 2401 experiundo
1048 2319 1179 2384 edocet:

104 2422 205 2486 Velut
228 2418 358 2486 Orestes
382 2421 476 2485 modo
499 2419 562 2484 fuit
584 2438 653 2501 rex,
675 2419 796 2485 factust
819 2421 987 2486 mendicus
1010 2423 1114 2487 modo.

46 2560 242 2646 Explicatur
257 2562 319 2638 hic,
335 2563 369 2624 ni
384 2561 486 2642 fallor,
504 2580 564 2625 cur
576 2559 793 2638 Quintilianus
810 2559 896 2624 illam
912 2559 952 2624 de
965 2563 1085 2626 Amore
1101 2562 1183 2627 alato

47 2665 302 2749 disputationem
327 2665 420 2748 quasi
443 2665 548 2729 thesin
572 2664 701 2728 dixerit
736 2663 862 2726 Audias
888 2662 994 2746 ipsum
1023 2663 1073 2728 111
1094 2667 1122 2748 5,
1142 2667 1180 2729 4:

48 2768 146 2831 'Item
165 2766 316 2831 convenit
335 2767 539 2850 quaestiones
564 2785 635 2831 esse
659 2769 715 2830 aut
737 2765 883 2828 infinitas
908 2768 965 2829 aut
981 2766 1102 2831 finitas.
1131 2768 1184 2832 In·

48 2870 164 2934 finitae
192 2875 276 2952 sunt,
307 2888 390 2951 quae
416 2870 549 2934 remotis
577 2869 725 2952 personis
754 2871 786 2932 et
813 2867 1011 2951 temporibus
1042 2872 1075 2934 et
1101 2871 1181 2936 locis

49 2973 233 3054 ceterisque
265 2971 425 3036 similibus
457 2973 493 3035 in
524 2974 695 3054 utramque
725 2976 849 3054 partem
879 2973 1065 3055 tractantur,
1097 2974 1183 3057 quod

50 3074 168 3139 Graeci
185 3075 267 3141 θέαν
287 3074 408 3157 dieunt,
425 3125 432 3139 .
450 3125 456 3139 .
473 3125 480 3138 .
499 3075 556 3139 alii
575 3076 825 3159 quaestiones
844 3075 1075 3161 philosopho
1095 3098 1185 3143 con-

50 3179 254 3244 venientes
278 3229 333 3244 ...
356 3178 428 3244 Hoc
446 3197 549 3263 genus
569 3178 682 3244 Cicero
706 3179 842 3243 scientia
865 3185 897 3243 et
921 3180 1048 3245 actione
1068 3180 1183 3245 distin-

49 3283 132 3367 guit,
155 3288 193 3346 ut
214 3284 257 3346 sit
279 3283 433 3348 scientiae
457 3282 517 3346 ‘an
541 3281 788 3366 providentia
815 3281 979 3347 mundus
1002 3287 1184 3369 regatur'.

53 3422 94 3435 -
122 3383 201 3462 Quis
226 3387 282 3466 est,
310 3387 389 3469 quin
415 3385 521 3452 rideat
542 3388 744 3471 propositum
766 3386 819 3450 'au
841 3386 972 3451 samona
995 3389 1037 3452 sit
1060 3390 1184 3455 insana’

51 3486 159 3552 eidem
191 3489 305 3570 generi
334 3489 558 3571 quaestionum
588 3496 685 3573 atque
716 3489 774 3553 'an
808 3489 1013 3572 providentia
1042 3492 1184 3558 mundus

51 3590 194 3674 regatur’
218 3589 426 3654 tribuendum
451 3593 549 3656 esse?
582 3591 696 3676 Neque
715 3599 823 3656 tamen
842 3592 938 3656 nimis
958 3592 1122 3659 diversum
1142 3595 1182 3660 ab

52 3693 109 3757 illo
137 3695 190 3756 ‘an
217 3712 299 3777 puer
328 3700 360 3758 et
387 3693 490 3759 alatus
513 3696 616 3759 Amor
645 3695 698 3760 sit'
726 3696 855 3761 videtur
885 3717 991 3781 neque
1022 3700 1185 3783 sophistae

51 3796 110 3879 illi,
135 3816 216 3880 quos
234 3796 344 3861 laudat
368 3797 481 3862 Alexis
506 3799 658 3881 comicus,
683 3798 803 3864 diversi
826 3820 845 3864 a
867 3800 1073 3886 philosophie,
1104 3823 1184 3885 quos

53 3899 217 3965 Pacuvius
241 3901 393 3965 nominat.
413 3939 456 3947 —
475 3901 539 3967 Sed
558 3902 598 3966 ad
616 3903 757 3987 priorem
779 3902 869 3967 illam
892 3903 1068 3990 dvocneuriv
1090 3906 1185 3972 rede·

53 4023 154 4068 amus.
191 4003 342 4084 Eandem,
366 4010 403 4068 ut
426 4024 537 4070 omnes
559 4006 676 4089 sciunt,
699 4007 850 4072 tractavit
867 4006 1056 4090 Propertius
1075 4009 1108 4073 II
1127 4011 1185 4076 12:

116 4231 118 4234 Α
147 4132 351 4215 Quicumque
374 4133 428 4198 ille
452 4134 523 4217 fuit,
547 4155 684 4220 puerum
708 4137 764 4220 qui
787 4137 895 4222 pinxit
913 4139 1075 4220 Amorem,

193 4235 307 4300 Nonne
330 4243 424 4320 putas
449 4237 546 4302 miras
571 4239 658 4304 hunc
682 4239 831 4305 habuisse
856 4242 993 4305 manus?
1018 4248 1077 4307 etc.
