<?xml version="1.0" encoding="UTF-8"?>
<!DOCTYPE html PUBLIC "-//W3C//DTD XHTML 1.0 Transitional//EN"
    "http://www.w3.org/TR/xhtml1/DTD/xhtml1-transitional.dtd">
<html xmlns="http://www.w3.org/1999/xhtml" xml:lang="en" lang="en">
 <head>
  <title>
</title>
<meta http-equiv="Content-Type" content="text/html;charset=utf-8" />
  <meta name='ocr-system' content='tesseract 3.04.00' />
  <meta name='ocr-capabilities' content='ocr_page ocr_carea ocr_par ocr_line ocrx_word'/>
</head>
<body>
  <div class='ocr_page' id='page_1' title='image "./dissertationesp03stragoog_0559.png"; bbox 0 0 3354 4930; ppageno 0'>
   <div class='ocr_carea' id='block_1_1' title="bbox 356 309 1120 379">
    <p class='ocr_par' dir='ltr' id='par_1_1' title="bbox 356 309 1120 379">
     <span class='ocr_line' id='line_1_1' title="bbox 356 309 1120 379; baseline -0.012 -9"><span class='ocrx_word' id='word_1_1' title='bbox 356 309 377 370; x_wconf 82' lang='lat'>4</span> <span class='ocrx_word' id='word_1_2' title='bbox 722 310 857 379; x_wconf 76' lang='lat' dir='ltr'>Ludwig</span> <span class='ocrx_word' id='word_1_3' title='bbox 876 309 1120 377; x_wconf 70' lang='lat' dir='ltr'>Rosenmeyer,</span> 
     </span>
    </p>
   </div>
   <div class='ocr_carea' id='block_1_2' title="bbox 356 473 1488 2824">
    <p class='ocr_par' dir='ltr' id='par_1_2' title="bbox 356 473 1488 2824">
     <span class='ocr_line' id='line_1_2' title="bbox 356 473 1485 567; baseline -0.014 -17"><span class='ocrx_word' id='word_1_4' title='bbox 356 486 456 550; x_wconf 82' lang='lat' dir='ltr'>tentia</span> <span class='ocrx_word' id='word_1_5' title='bbox 474 485 504 567; x_wconf 85' lang='lat' dir='ltr'>(l.</span> <span class='ocrx_word' id='word_1_6' title='bbox 518 504 544 548; x_wconf 88' lang='grc' dir='ltr'>ο.</span> <span class='ocrx_word' id='word_1_7' title='bbox 557 503 586 566; x_wconf 91' lang='lat' dir='ltr'>p.</span> <span class='ocrx_word' id='word_1_8' title='bbox 596 483 676 562; x_wconf 75' lang='lat'>2423</span> <span class='ocrx_word' id='word_1_9' title='bbox 701 481 793 565; x_wconf 80' lang='lat' dir='ltr'>frgm.</span> <span class='ocrx_word' id='word_1_10' title='bbox 810 481 905 545; x_wconf 84' lang='lat' dir='ltr'>Stoie.</span> <span class='ocrx_word' id='word_1_11' title='bbox 921 479 954 543; x_wconf 86' lang='lat'>11</span> <span class='ocrx_word' id='word_1_12' title='bbox 971 481 1045 560; x_wconf 78' lang='lat'>244,</span> <span class='ocrx_word' id='word_1_13' title='bbox 1064 480 1123 562; x_wconf 85' lang='lat' dir='ltr'>irg.</span> <span class='ocrx_word' id='word_1_14' title='bbox 1141 480 1233 560; x_wconf 79' lang='lat'><strong>894):</strong></span> <span class='ocrx_word' id='word_1_15' title='bbox 1258 473 1417 548; x_wconf 83' lang='grc' dir='ltr'>Ἒῦλογον</span> <span class='ocrx_word' id='word_1_16' title='bbox 1439 474 1485 548; x_wconf 83' lang='grc' dir='ltr'>δέ,</span> 
     </span>
     <span class='ocr_line' id='line_1_3' title="bbox 357 575 1485 660; baseline -0.009 -12"><span class='ocrx_word' id='word_1_17' title='bbox 357 585 400 648; x_wconf 87' lang='grc' dir='ltr'>είς</span> <span class='ocrx_word' id='word_1_18' title='bbox 426 585 444 646; x_wconf 89' lang='grc' dir='ltr'>δ</span> <span class='ocrx_word' id='word_1_19' title='bbox 465 582 626 658; x_wconf 89' lang='grc' dir='ltr'>γίγνονται</span> <span class='ocrx_word' id='word_1_20' title='bbox 653 581 684 644; x_wconf 86' lang='grc' dir='ltr'>αἱ</span> <span class='ocrx_word' id='word_1_21' title='bbox 710 581 872 660; x_wconf 86' lang='grc' dir='ltr'>ἐντούτῳ</span> <span class='ocrx_word' id='word_1_22' title='bbox 899 578 1057 657; x_wconf 89' lang='grc' dir='ltr'>ςημαςίαι,</span> <span class='ocrx_word' id='word_1_23' title='bbox 1083 579 1135 641; x_wconf 90' lang='grc' dir='ltr'>καὶ</span> <span class='ocrx_word' id='word_1_24' title='bbox 1160 577 1192 641; x_wconf 89' lang='grc' dir='ltr'>ἐξ</span> <span class='ocrx_word' id='word_1_25' title='bbox 1219 575 1259 640; x_wconf 83' lang='grc' dir='ltr'>οὗ</span> <span class='ocrx_word' id='word_1_26' title='bbox 1280 576 1357 647; x_wconf 91' lang='grc' dir='ltr'>&lt;δ&gt;</span> <span class='ocrx_word' id='word_1_27' title='bbox 1379 576 1485 652; x_wconf 91' lang='grc' dir='ltr'>λόγος,</span> 
     </span>
     <span class='ocr_line' id='line_1_4' title="bbox 357 678 1485 763; baseline -0.008 -13"><span class='ocrx_word' id='word_1_28' title='bbox 357 687 461 750; x_wconf 84' lang='grc' dir='ltr'>ἐκεῖνα</span> <span class='ocrx_word' id='word_1_29' title='bbox 484 681 564 749; x_wconf 84' lang='grc' dir='ltr'>εἶναι</span> <span class='ocrx_word' id='word_1_30' title='bbox 584 686 622 748; x_wconf 90' lang='grc' dir='ltr'>τό</span> <span class='ocrx_word' id='word_1_31' title='bbox 644 686 792 763; x_wconf 84' lang='grc' dir='ltr'>κυριειῖον</span> <span class='ocrx_word' id='word_1_32' title='bbox 806 686 862 759; x_wconf 88' lang='grc' dir='ltr'>τῆς</span> <span class='ocrx_word' id='word_1_33' title='bbox 882 684 988 760; x_wconf 87' lang='grc' dir='ltr'>ψυχῆς</span> <span class='ocrx_word' id='word_1_34' title='bbox 1003 681 1109 759; x_wconf 85' lang='grc' dir='ltr'>μέρος.</span> <span class='ocrx_word' id='word_1_35' title='bbox 1132 679 1247 756; x_wconf 87' lang='grc' dir='ltr'>οὐγὰρ</span> <span class='ocrx_word' id='word_1_36' title='bbox 1263 678 1344 756; x_wconf 88' lang='grc' dir='ltr'>άλλη</span> <span class='ocrx_word' id='word_1_37' title='bbox 1365 681 1421 757; x_wconf 77' lang='grc' dir='ltr'>μὲν</span> <span class='ocrx_word' id='word_1_38' title='bbox 1437 679 1485 759; x_wconf 86' lang='grc' dir='ltr'>[ἡ]</span> 
     </span>
     <span class='ocr_line' id='line_1_5' title="bbox 356 782 1487 866; baseline -0.004 -15"><span class='ocrx_word' id='word_1_39' title='bbox 356 791 439 866; x_wconf 84' lang='grc' dir='ltr'>πηγὴ</span> <span class='ocrx_word' id='word_1_40' title='bbox 470 789 569 863; x_wconf 83' lang='grc' dir='ltr'>λόγου</span> <span class='ocrx_word' id='word_1_41' title='bbox 596 787 689 861; x_wconf 88' lang='grc' dir='ltr'>ἐςτίν,</span> <span class='ocrx_word' id='word_1_42' title='bbox 716 786 797 864; x_wconf 89' lang='grc' dir='ltr'>άλλη</span> <span class='ocrx_word' id='word_1_43' title='bbox 825 787 861 848; x_wconf 86' lang='grc' dir='ltr'>δὲ</span> <span class='ocrx_word' id='word_1_44' title='bbox 887 785 1043 862; x_wconf 94' lang='grc' dir='ltr'>διανοίας,</span> <span class='ocrx_word' id='word_1_45' title='bbox 1071 783 1150 846; x_wconf 81' lang='grc' dir='ltr'>οὐδὲ</span> <span class='ocrx_word' id='word_1_46' title='bbox 1176 782 1256 860; x_wconf 87' lang='grc' dir='ltr'>άλλη</span> <span class='ocrx_word' id='word_1_47' title='bbox 1285 785 1342 860; x_wconf 80' lang='grc' dir='ltr'>μέν</span> <span class='ocrx_word' id='word_1_48' title='bbox 1369 786 1487 860; x_wconf 87' lang='grc' dir='ltr'>φωνῆς</span> 
     </span>
     <span class='ocr_line' id='line_1_6' title="bbox 356 884 1485 970; baseline -0.005 -16"><span class='ocrx_word' id='word_1_49' title='bbox 356 891 451 970; x_wconf 89' lang='grc' dir='ltr'>πηγή,</span> <span class='ocrx_word' id='word_1_50' title='bbox 473 890 553 968; x_wconf 89' lang='grc' dir='ltr'>άλλη</span> <span class='ocrx_word' id='word_1_51' title='bbox 577 892 613 954; x_wconf 85' lang='grc' dir='ltr'>δέ</span> <span class='ocrx_word' id='word_1_52' title='bbox 635 889 744 964; x_wconf 83' lang='grc' dir='ltr'>λόγου,</span> <span class='ocrx_word' id='word_1_53' title='bbox 767 887 902 950; x_wconf 84' lang='grc' dir='ltr'>οὐδὲτὸ</span> <span class='ocrx_word' id='word_1_54' title='bbox 925 884 1006 949; x_wconf 86' lang='grc' dir='ltr'>ὅλον</span> <span class='ocrx_word' id='word_1_55' title='bbox 1028 885 1139 949; x_wconf 85' lang='grc' dir='ltr'>ἁπλῶς</span> <span class='ocrx_word' id='word_1_56' title='bbox 1160 884 1241 962; x_wconf 86' lang='grc' dir='ltr'>άλλη</span> <span class='ocrx_word' id='word_1_57' title='bbox 1264 889 1382 962; x_wconf 86' lang='grc' dir='ltr'>φωνῆς</span> <span class='ocrx_word' id='word_1_58' title='bbox 1400 887 1485 962; x_wconf 90' lang='grc' dir='ltr'>πηγή</span> 
     </span>
     <span class='ocr_line' id='line_1_7' title="bbox 357 989 1487 1069; baseline -0.006 -12"><span class='ocrx_word' id='word_1_59' title='bbox 357 993 447 1069; x_wconf 90' lang='grc' dir='ltr'>ἐςτιν,</span> <span class='ocrx_word' id='word_1_60' title='bbox 474 993 555 1056; x_wconf 87' lang='grc' dir='ltr'>άλλο</span> <span class='ocrx_word' id='word_1_61' title='bbox 578 993 672 1055; x_wconf 83' lang='grc' dir='ltr'>δὲτὸ</span> <span class='ocrx_word' id='word_1_62' title='bbox 694 992 842 1069; x_wconf 88' lang='grc' dir='ltr'>κυριεῦον</span> <span class='ocrx_word' id='word_1_63' title='bbox 863 993 920 1066; x_wconf 88' lang='grc' dir='ltr'>τῆς</span> <span class='ocrx_word' id='word_1_64' title='bbox 941 992 1047 1067; x_wconf 87' lang='grc' dir='ltr'>ψυχῆς</span> <span class='ocrx_word' id='word_1_65' title='bbox 1069 989 1185 1066; x_wconf 84' lang='grc' dir='ltr'>μέρος’.</span> <span class='ocrx_word' id='word_1_66' title='bbox 1208 989 1426 1052; x_wconf 88' lang='grc' dir='ltr'>-τοιούτοις</span> <span class='ocrx_word' id='word_1_67' title='bbox 1449 989 1487 1051; x_wconf 84' lang='grc' dir='ltr'>δέ</span> 
     </span>
     <span class='ocr_line' id='line_1_8' title="bbox 358 1091 1486 1174; baseline -0.004 -16"><span class='ocrx_word' id='word_1_68' title='bbox 358 1098 408 1160; x_wconf 89' lang='grc' dir='ltr'>καί</span> <span class='ocrx_word' id='word_1_69' title='bbox 421 1099 480 1174; x_wconf 83' lang='grc' dir='ltr'>τὴν</span> <span class='ocrx_word' id='word_1_70' title='bbox 495 1097 641 1159; x_wconf 87' lang='grc' dir='ltr'>διάνοιαν</span> <span class='ocrx_word' id='word_1_71' title='bbox 657 1093 842 1173; x_wconf 89' lang='grc' dir='ltr'>ςυμφώνως</span> <span class='ocrx_word' id='word_1_72' title='bbox 857 1091 1089 1172; x_wconf 86' lang='grc' dir='ltr'>ἀφοριζόμενοι</span> <span class='ocrx_word' id='word_1_73' title='bbox 1105 1094 1249 1168; x_wconf 88' lang='grc' dir='ltr'>λέγουςιν</span> <span class='ocrx_word' id='word_1_74' title='bbox 1265 1091 1365 1168; x_wconf 83' lang='grc' dir='ltr'>αὐτην</span> <span class='ocrx_word' id='word_1_75' title='bbox 1380 1093 1486 1169; x_wconf 84' lang='grc' dir='ltr'>πηγήν</span> 
     </span>
     <span class='ocr_line' id='line_1_9' title="bbox 357 1192 1488 1274; baseline -0.004 -12"><span class='ocrx_word' id='word_1_76' title='bbox 357 1193 438 1262; x_wconf 85' lang='grc' dir='ltr'>εἷναι</span> <span class='ocrx_word' id='word_1_77' title='bbox 453 1199 562 1274; x_wconf 88' lang='grc' dir='ltr'>λόγου.</span> <span class='ocrx_word' id='word_1_78' title='bbox 574 1234 612 1245; x_wconf 91' lang='grc'>-</span> <span class='ocrx_word' id='word_1_79' title='bbox 626 1197 686 1260; x_wconf 65' lang='grc' dir='ltr'>εΤὸ</span> <span class='ocrx_word' id='word_1_80' title='bbox 700 1197 761 1273; x_wconf 86' lang='grc' dir='ltr'>γάρ</span> <span class='ocrx_word' id='word_1_81' title='bbox 776 1194 858 1259; x_wconf 87' lang='grc' dir='ltr'>ὅλον</span> <span class='ocrx_word' id='word_1_82' title='bbox 873 1192 950 1258; x_wconf 86' lang='grc' dir='ltr'>ὅθεν</span> <span class='ocrx_word' id='word_1_83' title='bbox 965 1194 984 1257; x_wconf 91' lang='grc' dir='ltr'>δ</span> <span class='ocrx_word' id='word_1_84' title='bbox 1001 1195 1097 1270; x_wconf 90' lang='grc' dir='ltr'>λόγος</span> <span class='ocrx_word' id='word_1_85' title='bbox 1112 1195 1307 1272; x_wconf 79' lang='grc' dir='ltr'>ἐκπέμπεται,</span> <span class='ocrx_word' id='word_1_86' title='bbox 1323 1195 1422 1258; x_wconf 89' lang='grc' dir='ltr'>ἐκεῖςε</span> <span class='ocrx_word' id='word_1_87' title='bbox 1436 1198 1488 1258; x_wconf 91' lang='grc' dir='ltr'>δεῖ</span> 
     </span>
     <span class='ocr_line' id='line_1_10' title="bbox 358 1296 1486 1377; baseline -0.003 -13"><span class='ocrx_word' id='word_1_88' title='bbox 358 1301 479 1364; x_wconf 88' lang='grc' dir='ltr'>καὶτὸν</span> <span class='ocrx_word' id='word_1_89' title='bbox 493 1301 697 1377; x_wconf 90' lang='grc' dir='ltr'>διαλογιςμὸν</span> <span class='ocrx_word' id='word_1_90' title='bbox 712 1298 871 1374; x_wconf 91' lang='grc' dir='ltr'>γίγνεςθαι</span> <span class='ocrx_word' id='word_1_91' title='bbox 886 1298 936 1360; x_wconf 89' lang='grc' dir='ltr'>καὶ</span> <span class='ocrx_word' id='word_1_92' title='bbox 950 1296 1006 1359; x_wconf 89' lang='grc' dir='ltr'>τάς</span> <span class='ocrx_word' id='word_1_93' title='bbox 1022 1297 1201 1374; x_wconf 88' lang='grc' dir='ltr'>διανοήςεις</span> <span class='ocrx_word' id='word_1_94' title='bbox 1215 1298 1266 1360; x_wconf 90' lang='grc' dir='ltr'>καῖ</span> <span class='ocrx_word' id='word_1_95' title='bbox 1280 1297 1337 1360; x_wconf 87' lang='grc' dir='ltr'>τὰς</span> <span class='ocrx_word' id='word_1_96' title='bbox 1353 1299 1486 1374; x_wconf 89' lang='grc' dir='ltr'>μελέτας</span> 
     </span>
     <span class='ocr_line' id='line_1_11' title="bbox 356 1402 1487 1489; baseline 0.003 -22"><span class='ocrx_word' id='word_1_97' title='bbox 356 1408 423 1467; x_wconf 88' lang='grc' dir='ltr'>τῶν</span> <span class='ocrx_word' id='word_1_98' title='bbox 443 1403 575 1480; x_wconf 83' lang='grc' dir='ltr'>ῥήςεων,</span> <span class='ocrx_word' id='word_1_99' title='bbox 595 1403 737 1480; x_wconf 91' lang='grc' dir='ltr'>καθάπερ</span> <span class='ocrx_word' id='word_1_100' title='bbox 757 1402 842 1479; x_wconf 88' lang='grc' dir='ltr'>ἔφην</span> <span class='ocrx_word' id='word_1_101' title='bbox 854 1451 860 1463; x_wconf 96' lang='grc'>.</span> <span class='ocrx_word' id='word_1_102' title='bbox 873 1450 881 1465; x_wconf 93' lang='grc'>.</span> <span class='ocrx_word' id='word_1_103' title='bbox 893 1402 911 1462; x_wconf 87' lang='grc'>.’</span> <span class='ocrx_word' id='word_1_104' title='bbox 932 1403 1021 1468; x_wconf 87' lang='lat' dir='ltr'>Idem</span> <span class='ocrx_word' id='word_1_105' title='bbox 1041 1403 1182 1469; x_wconf 75' lang='lat' dir='ltr'>Galenus</span> <span class='ocrx_word' id='word_1_106' title='bbox 1203 1406 1236 1467; x_wconf 91' lang='lat' dir='ltr'>in</span> <span class='ocrx_word' id='word_1_107' title='bbox 1256 1403 1367 1468; x_wconf 88' lang='lat' dir='ltr'>eodem</span> <span class='ocrx_word' id='word_1_108' title='bbox 1389 1425 1487 1489; x_wconf 88' lang='lat' dir='ltr'>opere</span> 
     </span>
     <span class='ocr_line' id='line_1_12' title="bbox 357 1508 1488 1593; baseline -0.003 -18"><span class='ocrx_word' id='word_1_109' title='bbox 357 1511 406 1575; x_wconf 88' lang='grc' dir='ltr'>ΙΙΙ</span> <span class='ocrx_word' id='word_1_110' title='bbox 416 1536 438 1592; x_wconf 83' lang='grc' dir='ltr'>ι,</span> <span class='ocrx_word' id='word_1_111' title='bbox 449 1510 675 1593; x_wconf 78' lang='grc' dir='ltr'>(Κάδολί343,</span> <span class='ocrx_word' id='word_1_112' title='bbox 689 1509 782 1593; x_wconf 80' lang='lat' dir='ltr'>frgm.</span> <span class='ocrx_word' id='word_1_113' title='bbox 796 1511 890 1575; x_wconf 83' lang='lat' dir='ltr'>Stoic.</span> <span class='ocrx_word' id='word_1_114' title='bbox 900 1511 931 1572; x_wconf 94' lang='grc' dir='ltr'>ΙΙ</span> <span class='ocrx_word' id='word_1_115' title='bbox 942 1511 1016 1592; x_wconf 83' lang='grc'>250,</span> <span class='ocrx_word' id='word_1_116' title='bbox 1030 1509 1090 1592; x_wconf 80' lang='lat' dir='ltr'>frg.</span> <span class='ocrx_word' id='word_1_117' title='bbox 1104 1511 1180 1591; x_wconf 82' lang='lat'><strong>903)</strong></span> <span class='ocrx_word' id='word_1_118' title='bbox 1195 1508 1253 1572; x_wconf 86' lang='lat' dir='ltr'>ubi</span> <span class='ocrx_word' id='word_1_119' title='bbox 1270 1509 1488 1592; x_wconf 83' lang='lat' dir='ltr'>Chrysippum</span> 
     </span>
     <span class='ocr_line' id='line_1_13' title="bbox 357 1608 1488 1688; baseline -0.004 -12"><span class='ocrx_word' id='word_1_120' title='bbox 357 1613 501 1678; x_wconf 83' lang='lat' dir='ltr'>laudavit</span> <span class='ocrx_word' id='word_1_121' title='bbox 511 1613 689 1677; x_wconf 80' lang='lat' dir='ltr'>dicentem:</span> <span class='ocrx_word' id='word_1_122' title='bbox 708 1609 754 1672; x_wconf 86' lang='grc' dir='ltr'>Εὖ</span> <span class='ocrx_word' id='word_1_123' title='bbox 769 1610 854 1688; x_wconf 93' lang='grc' dir='ltr'>μάλα</span> <span class='ocrx_word' id='word_1_124' title='bbox 869 1610 1077 1687; x_wconf 86' lang='grc' dir='ltr'>δέπαριςτοῖςι</span> <span class='ocrx_word' id='word_1_125' title='bbox 1087 1609 1124 1670; x_wconf 91' lang='grc' dir='ltr'>τό</span> <span class='ocrx_word' id='word_1_126' title='bbox 1138 1608 1321 1687; x_wconf 84' lang='grc' dir='ltr'>λεγόμενον,</span> <span class='ocrx_word' id='word_1_127' title='bbox 1334 1609 1378 1672; x_wconf 86' lang='grc' dir='ltr'>ὼς</span> <span class='ocrx_word' id='word_1_128' title='bbox 1389 1609 1488 1686; x_wconf 88' lang='grc' dir='ltr'>ἔφην,</span> 
     </span>
     <span class='ocr_line' id='line_1_14' title="bbox 358 1709 1488 1790; baseline 0.002 -16"><span class='ocrx_word' id='word_1_129' title='bbox 358 1714 409 1776; x_wconf 89' lang='grc' dir='ltr'>καὶ</span> <span class='ocrx_word' id='word_1_130' title='bbox 431 1712 462 1776; x_wconf 88' lang='grc' dir='ltr'>αἱ</span> <span class='ocrx_word' id='word_1_131' title='bbox 483 1714 517 1775; x_wconf 87' lang='grc' dir='ltr'>έν</span> <span class='ocrx_word' id='word_1_132' title='bbox 540 1712 650 1776; x_wconf 84' lang='grc' dir='ltr'>αὑτοῖς</span> <span class='ocrx_word' id='word_1_133' title='bbox 671 1712 834 1790; x_wconf 90' lang='grc' dir='ltr'>γινόμεναι</span> <span class='ocrx_word' id='word_1_134' title='bbox 856 1711 981 1789; x_wconf 87' lang='grc' dir='ltr'>μελέται</span> <span class='ocrx_word' id='word_1_135' title='bbox 1007 1712 1058 1774; x_wconf 88' lang='grc' dir='ltr'>καί</span> <span class='ocrx_word' id='word_1_136' title='bbox 1080 1709 1203 1788; x_wconf 88' lang='grc' dir='ltr'>ῥήςεων</span> <span class='ocrx_word' id='word_1_137' title='bbox 1225 1713 1362 1775; x_wconf 88' lang='grc' dir='ltr'>καὶτῶν</span> <span class='ocrx_word' id='word_1_138' title='bbox 1383 1733 1488 1790; x_wconf 91' lang='grc' dir='ltr'>παρα-</span> 
     </span>
     <span class='ocr_line' id='line_1_15' title="bbox 357 1814 1485 1896; baseline 0 -18"><span class='ocrx_word' id='word_1_139' title='bbox 357 1816 507 1892; x_wconf 89' lang='grc' dir='ltr'>πληςίων.</span> <span class='ocrx_word' id='word_1_140' title='bbox 536 1814 570 1878; x_wconf 91' lang='grc' dir='ltr'>ἐν</span> <span class='ocrx_word' id='word_1_141' title='bbox 593 1815 619 1896; x_wconf 81' lang='grc' dir='ltr'>ᾧ</span> <span class='ocrx_word' id='word_1_142' title='bbox 641 1815 702 1893; x_wconf 94' lang='grc' dir='ltr'>γάρ</span> <span class='ocrx_word' id='word_1_143' title='bbox 723 1817 824 1877; x_wconf 87' lang='grc' dir='ltr'>ταῦτα</span> <span class='ocrx_word' id='word_1_144' title='bbox 844 1814 949 1876; x_wconf 89' lang='grc' dir='ltr'>πάντα</span> <span class='ocrx_word' id='word_1_145' title='bbox 970 1815 1172 1889; x_wconf 89' lang='grc' dir='ltr'>ςυντελεῑται,</span> <span class='ocrx_word' id='word_1_146' title='bbox 1192 1814 1321 1878; x_wconf 88' lang='grc' dir='ltr'>πάντως</span> <span class='ocrx_word' id='word_1_147' title='bbox 1343 1815 1485 1892; x_wconf 89' lang='grc' dir='ltr'>εὔλογον</span> 
     </span>
     <span class='ocr_line' id='line_1_16' title="bbox 358 1918 1487 2002; baseline 0.001 -19"><span class='ocrx_word' id='word_1_148' title='bbox 358 1920 393 1983; x_wconf 92' lang='grc' dir='ltr'>ἐν</span> <span class='ocrx_word' id='word_1_149' title='bbox 415 1919 524 2002; x_wconf 86' lang='grc' dir='ltr'>ἐκείνῳ</span> <span class='ocrx_word' id='word_1_150' title='bbox 547 1921 597 1982; x_wconf 90' lang='grc' dir='ltr'>καὶ</span> <span class='ocrx_word' id='word_1_151' title='bbox 619 1921 676 1996; x_wconf 89' lang='grc' dir='ltr'>τήν</span> <span class='ocrx_word' id='word_1_152' title='bbox 691 1921 749 1981; x_wconf 85' lang='grc' dir='ltr'>τοῦ</span> <span class='ocrx_word' id='word_1_153' title='bbox 773 1918 872 1992; x_wconf 91' lang='grc' dir='ltr'>λόγου</span> <span class='ocrx_word' id='word_1_154' title='bbox 889 1918 1035 1980; x_wconf 91' lang='grc' dir='ltr'>διέξοδον</span> <span class='ocrx_word' id='word_1_155' title='bbox 1049 1919 1196 1992; x_wconf 89' lang='grc' dir='ltr'>γίνεςθαι,</span> <span class='ocrx_word' id='word_1_156' title='bbox 1218 1920 1268 1981; x_wconf 91' lang='grc' dir='ltr'>καὶ</span> <span class='ocrx_word' id='word_1_157' title='bbox 1284 1919 1385 1993; x_wconf 85' lang='grc' dir='ltr'>λέγειν</span> <span class='ocrx_word' id='word_1_158' title='bbox 1400 1919 1487 1996; x_wconf 80' lang='grc' dir='ltr'>ἡμεῖς</span> 
     </span>
     <span class='ocr_line' id='line_1_17' title="bbox 358 2021 1486 2106; baseline 0.001 -22"><span class='ocrx_word' id='word_1_159' title='bbox 358 2025 409 2086; x_wconf 92' lang='grc' dir='ltr'>καὶ</span> <span class='ocrx_word' id='word_1_160' title='bbox 431 2026 626 2086; x_wconf 92' lang='grc' dir='ltr'>διανοεῖςθαι</span> <span class='ocrx_word' id='word_1_161' title='bbox 648 2022 714 2084; x_wconf 89' lang='grc' dir='ltr'>κατ’</span> <span class='ocrx_word' id='word_1_162' title='bbox 730 2021 845 2098; x_wconf 89' lang='grc' dir='ltr'>ἐκεῖνο,</span> <span class='ocrx_word' id='word_1_163' title='bbox 866 2024 935 2106; x_wconf 88' lang='lat' dir='ltr'>ipse</span> <span class='ocrx_word' id='word_1_164' title='bbox 959 2025 1065 2106; x_wconf 87' lang='lat' dir='ltr'>pergit</span> <span class='ocrx_word' id='word_1_165' title='bbox 1087 2021 1231 2106; x_wconf 80' lang='lat'>(34414):</span> <span class='ocrx_word' id='word_1_166' title='bbox 1257 2021 1361 2098; x_wconf 86' lang='grc' dir='ltr'>ἀληθῆ</span> <span class='ocrx_word' id='word_1_167' title='bbox 1383 2023 1486 2085; x_wconf 84' lang='grc' dir='ltr'>ταῦτα</span> 
     </span>
     <span class='ocr_line' id='line_1_18' title="bbox 357 2122 1488 2203; baseline 0.001 -17"><span class='ocrx_word' id='word_1_168' title='bbox 357 2125 502 2202; x_wconf 91' lang='grc' dir='ltr'>γράφεις,</span> <span class='ocrx_word' id='word_1_169' title='bbox 524 2123 734 2203; x_wconf 85' lang='grc' dir='ltr'>ιίιΧρύςιππε.</span> <span class='ocrx_word' id='word_1_170' title='bbox 762 2122 867 2186; x_wconf 81' lang='grc' dir='ltr'>καθά</span> <span class='ocrx_word' id='word_1_171' title='bbox 888 2123 950 2199; x_wconf 86' lang='grc' dir='ltr'>γάρ</span> <span class='ocrx_word' id='word_1_172' title='bbox 973 2122 1007 2185; x_wconf 87' lang='grc' dir='ltr'>ἐν</span> <span class='ocrx_word' id='word_1_173' title='bbox 1030 2122 1157 2185; x_wconf 80' lang='grc' dir='ltr'>ἑαυτοῖς</span> <span class='ocrx_word' id='word_1_174' title='bbox 1180 2124 1370 2200; x_wconf 85' lang='grc' dir='ltr'>μελετῶμεν,</span> <span class='ocrx_word' id='word_1_175' title='bbox 1392 2125 1411 2201; x_wconf 81' lang='grc' dir='ltr'>ἢ</span> <span class='ocrx_word' id='word_1_176' title='bbox 1434 2126 1488 2188; x_wconf 90' lang='grc' dir='ltr'>καὶ</span> 
     </span>
     <span class='ocr_line' id='line_1_19' title="bbox 359 2225 1485 2306; baseline -0.003 -14"><span class='ocrx_word' id='word_1_177' title='bbox 359 2229 436 2306; x_wconf 89' lang='grc' dir='ltr'>μετά</span> <span class='ocrx_word' id='word_1_178' title='bbox 448 2232 532 2306; x_wconf 88' lang='grc' dir='ltr'>ςιγῆς</span> <span class='ocrx_word' id='word_1_179' title='bbox 544 2226 768 2305; x_wconf 86' lang='grc' dir='ltr'>διεξερχόμεθα</span> <span class='ocrx_word' id='word_1_180' title='bbox 779 2225 1016 2303; x_wconf 88' lang='grc' dir='ltr'>διανοούμενοι,</span> <span class='ocrx_word' id='word_1_181' title='bbox 1030 2225 1128 2288; x_wconf 83' lang='grc' dir='ltr'>τοιῖτό</span> <span class='ocrx_word' id='word_1_182' title='bbox 1140 2225 1201 2289; x_wconf 90' lang='grc' dir='ltr'>ἐςτι</span> <span class='ocrx_word' id='word_1_183' title='bbox 1213 2227 1251 2288; x_wconf 90' lang='grc' dir='ltr'>τό</span> <span class='ocrx_word' id='word_1_184' title='bbox 1267 2227 1485 2304; x_wconf 84' lang='grc' dir='ltr'>λογιζόμενον.</span> 
     </span>
     <span class='ocr_line' id='line_1_20' title="bbox 358 2329 1487 2417; baseline -0.004 -19"><span class='ocrx_word' id='word_1_185' title='bbox 358 2334 482 2398; x_wconf 89' lang='lat' dir='ltr'>Deinde</span> <span class='ocrx_word' id='word_1_186' title='bbox 493 2333 672 2417; x_wconf 79' lang='lat' dir='ltr'>Chrysippo</span> <span class='ocrx_word' id='word_1_187' title='bbox 685 2333 876 2396; x_wconf 83' lang='lat' dir='ltr'>sententiam</span> <span class='ocrx_word' id='word_1_188' title='bbox 890 2331 1043 2395; x_wconf 80' lang='lat' dir='ltr'>adscribit</span> <span class='ocrx_word' id='word_1_189' title='bbox 1054 2329 1180 2414; x_wconf 53' lang='lat'>(3451&#39;4)</span> <span class='ocrx_word' id='word_1_190' title='bbox 1194 2333 1260 2392; x_wconf 86' lang='grc' dir='ltr'>τιῖιν</span> <span class='ocrx_word' id='word_1_191' title='bbox 1273 2332 1487 2408; x_wconf 91' lang='grc' dir='ltr'>διαλογιςμῶν</span> 
     </span>
     <span class='ocr_line' id='line_1_21' title="bbox 357 2431 1485 2511; baseline 0.005 -16"><span class='ocrx_word' id='word_1_192' title='bbox 357 2433 440 2511; x_wconf 85' lang='grc' dir='ltr'>ἡμᾶς</span> <span class='ocrx_word' id='word_1_193' title='bbox 461 2433 661 2496; x_wconf 88' lang='grc' dir='ltr'>αίςθάνεςθαι</span> <span class='ocrx_word' id='word_1_194' title='bbox 682 2431 762 2494; x_wconf 84' lang='grc' dir='ltr'>κατὰ</span> <span class='ocrx_word' id='word_1_195' title='bbox 782 2432 841 2507; x_wconf 85' lang='grc' dir='ltr'>τὴν</span> <span class='ocrx_word' id='word_1_196' title='bbox 856 2431 988 2507; x_wconf 85' lang='grc' dir='ltr'>καρδίαν</span> <span class='ocrx_word' id='word_1_197' title='bbox 1004 2433 1183 2510; x_wconf 80' lang='grc' dir='ltr'>γινομένων</span> <span class='ocrx_word' id='word_1_198' title='bbox 1198 2439 1232 2499; x_wconf 91' lang='lat' dir='ltr'>et</span> <span class='ocrx_word' id='word_1_199' title='bbox 1247 2455 1322 2500; x_wconf 76' lang='lat' dir='ltr'>mox</span> <span class='ocrx_word' id='word_1_200' title='bbox 1339 2436 1485 2501; x_wconf 89' lang='lat' dir='ltr'>eiusdem</span> 
     </span>
     <span class='ocr_line' id='line_1_22' title="bbox 359 2531 1487 2622; baseline -0.001 -22"><span class='ocrx_word' id='word_1_201' title='bbox 359 2538 465 2602; x_wconf 85' lang='lat' dir='ltr'>verbis</span> <span class='ocrx_word' id='word_1_202' title='bbox 488 2539 592 2622; x_wconf 85' lang='lat' dir='ltr'>pergit</span> <span class='ocrx_word' id='word_1_203' title='bbox 614 2539 749 2618; x_wconf 85' lang='lat' dir='ltr'>(Arnim.</span> <span class='ocrx_word' id='word_1_204' title='bbox 765 2538 784 2601; x_wconf 94' lang='lat' dir='ltr'>l.</span> <span class='ocrx_word' id='word_1_205' title='bbox 802 2541 856 2620; x_wconf 84' lang='lat' dir='ltr'>e.):</span> <span class='ocrx_word' id='word_1_206' title='bbox 876 2531 951 2598; x_wconf 88' lang='grc' dir='ltr'>Ἀπὸ</span> <span class='ocrx_word' id='word_1_207' title='bbox 972 2535 1034 2612; x_wconf 87' lang='grc' dir='ltr'>γὰρ</span> <span class='ocrx_word' id='word_1_208' title='bbox 1055 2538 1111 2610; x_wconf 84' lang='grc' dir='ltr'>τῆς</span> <span class='ocrx_word' id='word_1_209' title='bbox 1139 2534 1296 2610; x_wconf 87' lang='grc' dir='ltr'>διανοίας,</span> <span class='ocrx_word' id='word_1_210' title='bbox 1323 2535 1413 2612; x_wconf 87' lang='grc' dir='ltr'>φηςί,</span> <span class='ocrx_word' id='word_1_211' title='bbox 1436 2539 1487 2600; x_wconf 86' lang='grc' dir='ltr'>δεῖ</span> 
     </span>
     <span class='ocr_line' id='line_1_23' title="bbox 359 2637 1485 2720; baseline 0.002 -21"><span class='ocrx_word' id='word_1_212' title='bbox 359 2638 459 2712; x_wconf 89' lang='grc' dir='ltr'>λέγειν</span> <span class='ocrx_word' id='word_1_213' title='bbox 481 2639 532 2699; x_wconf 87' lang='grc' dir='ltr'>καὶ</span> <span class='ocrx_word' id='word_1_214' title='bbox 553 2637 588 2699; x_wconf 92' lang='grc' dir='ltr'>ἐν</span> <span class='ocrx_word' id='word_1_215' title='bbox 606 2637 710 2720; x_wconf 83' lang='grc' dir='ltr'>ἑαυτῷ</span> <span class='ocrx_word' id='word_1_216' title='bbox 733 2638 834 2712; x_wconf 90' lang='grc' dir='ltr'>λέγειν</span> <span class='ocrx_word' id='word_1_217' title='bbox 857 2639 888 2718; x_wconf 85' lang='grc' dir='ltr'>[ἢ</span> <span class='ocrx_word' id='word_1_218' title='bbox 905 2639 1023 2716; x_wconf 83' lang='grc' dir='ltr'>φωνην</span> <span class='ocrx_word' id='word_1_219' title='bbox 1038 2639 1195 2718; x_wconf 79' lang='grc' dir='ltr'>διεξιέναι]</span> <span class='ocrx_word' id='word_1_220' title='bbox 1218 2639 1269 2701; x_wconf 85' lang='grc' dir='ltr'>καὶ</span> <span class='ocrx_word' id='word_1_221' title='bbox 1290 2641 1485 2702; x_wconf 90' lang='grc' dir='ltr'>διανοεῑςθαι</span> 
     </span>
     <span class='ocr_line' id='line_1_24' title="bbox 358 2740 1302 2824; baseline -0.002 -22"><span class='ocrx_word' id='word_1_222' title='bbox 358 2743 409 2804; x_wconf 92' lang='grc' dir='ltr'>καί</span> <span class='ocrx_word' id='word_1_223' title='bbox 430 2740 465 2803; x_wconf 92' lang='grc' dir='ltr'>ἐν</span> <span class='ocrx_word' id='word_1_224' title='bbox 487 2741 614 2804; x_wconf 82' lang='grc' dir='ltr'>ἑαυτοῖς</span> <span class='ocrx_word' id='word_1_225' title='bbox 636 2742 754 2824; x_wconf 81' lang='grc' dir='ltr'>φιυνήν</span> <span class='ocrx_word' id='word_1_226' title='bbox 776 2743 920 2804; x_wconf 83' lang='grc' dir='ltr'>διεξιέναι</span> <span class='ocrx_word' id='word_1_227' title='bbox 942 2742 993 2804; x_wconf 92' lang='grc' dir='ltr'>καῖ</span> <span class='ocrx_word' id='word_1_228' title='bbox 1016 2740 1106 2804; x_wconf 89' lang='grc' dir='ltr'>ἐκτὸς</span> <span class='ocrx_word' id='word_1_229' title='bbox 1127 2740 1302 2818; x_wconf 89' lang='grc' dir='ltr'>ἐκπέμπειν.</span> 
     </span>
    </p>
   </div>
   <div class='ocr_carea' id='block_1_3' title="bbox 357 2847 1489 4260">
    <p class='ocr_par' dir='ltr' id='par_1_3' title="bbox 359 2847 1487 3138">
     <span class='ocr_line' id='line_1_25' title="bbox 450 2847 1487 2914; baseline 0.005 -6"><span class='ocrx_word' id='word_1_230' title='bbox 450 2847 735 2911; x_wconf 82' lang='lat' dir='ltr'>VidesStoieorum</span> <span class='ocrx_word' id='word_1_231' title='bbox 746 2848 923 2912; x_wconf 83' lang='lat' dir='ltr'>doctrinam</span> <span class='ocrx_word' id='word_1_232' title='bbox 935 2847 1118 2911; x_wconf 84' lang='lat' dir='ltr'>exscribere</span> <span class='ocrx_word' id='word_1_233' title='bbox 1129 2847 1305 2912; x_wconf 89' lang='lat' dir='ltr'>Iohannem</span> <span class='ocrx_word' id='word_1_234' title='bbox 1316 2847 1487 2914; x_wconf 79' lang='lat' dir='ltr'>Damasce-</span> 
     </span>
     <span class='ocr_line' id='line_1_26' title="bbox 359 2949 1487 3034; baseline 0.004 -22"><span class='ocrx_word' id='word_1_235' title='bbox 359 2970 445 3030; x_wconf 80' lang='lat' dir='ltr'>num,</span> <span class='ocrx_word' id='word_1_236' title='bbox 471 2950 526 3032; x_wconf 91' lang='lat' dir='ltr'>qui</span> <span class='ocrx_word' id='word_1_237' title='bbox 551 2949 602 3014; x_wconf 86' lang='lat' dir='ltr'>De</span> <span class='ocrx_word' id='word_1_238' title='bbox 626 2950 705 3014; x_wconf 84' lang='lat' dir='ltr'>fide</span> <span class='ocrx_word' id='word_1_239' title='bbox 730 2949 943 3016; x_wconf 85' lang='lat' dir='ltr'>orthodoxa</span> <span class='ocrx_word' id='word_1_240' title='bbox 967 2951 1008 3030; x_wconf 88' lang='grc' dir='ltr'>ΙΙ,</span> <span class='ocrx_word' id='word_1_241' title='bbox 1028 2973 1083 3018; x_wconf 76' lang='lat' dir='ltr'>xxi</span> <span class='ocrx_word' id='word_1_242' title='bbox 1106 2950 1228 3034; x_wconf 85' lang='lat' dir='ltr'>(Migne</span> <span class='ocrx_word' id='word_1_243' title='bbox 1248 2954 1299 3032; x_wconf 82' lang='lat'>94,</span> <span class='ocrx_word' id='word_1_244' title='bbox 1322 2972 1351 3034; x_wconf 91' lang='lat' dir='ltr'>p.</span> <span class='ocrx_word' id='word_1_245' title='bbox 1369 2951 1487 3032; x_wconf 73' lang='lat'><strong>9403)</strong></span> 
     </span>
     <span class='ocr_line' id='line_1_27' title="bbox 359 3052 608 3138; baseline 0 -22"><span class='ocrx_word' id='word_1_246' title='bbox 359 3052 489 3138; x_wconf 78' lang='lat' dir='ltr'>praebet</span> <span class='ocrx_word' id='word_1_247' title='bbox 513 3054 608 3117; x_wconf 83' lang='lat' dir='ltr'>haee:</span> 
     </span>
    </p>

    <p class='ocr_par' dir='ltr' id='par_1_4' title="bbox 357 3151 1489 4260">
     <span class='ocr_line' id='line_1_28' title="bbox 448 3151 1487 3232; baseline 0 -15"><span class='ocrx_word' id='word_1_248' title='bbox 448 3151 542 3231; x_wconf 91' lang='grc' dir='ltr'>Περὶ</span> <span class='ocrx_word' id='word_1_249' title='bbox 563 3153 789 3216; x_wconf 81' lang='grc' dir='ltr'>ἐνδιαθέτου</span> <span class='ocrx_word' id='word_1_250' title='bbox 813 3154 929 3228; x_wconf 91' lang='grc' dir='ltr'>λόγου</span> <span class='ocrx_word' id='word_1_251' title='bbox 952 3153 1011 3216; x_wconf 91' lang='grc' dir='ltr'>καί</span> <span class='ocrx_word' id='word_1_252' title='bbox 1032 3155 1289 3232; x_wconf 81' lang='grc' dir='ltr'>προφορικοῦ.</span> <span class='ocrx_word' id='word_1_253' title='bbox 1323 3153 1428 3217; x_wconf 89' lang='grc' dir='ltr'>Πάλιν</span> <span class='ocrx_word' id='word_1_254' title='bbox 1450 3157 1487 3218; x_wconf 85' lang='grc' dir='ltr'>δέ</span> 
     </span>
     <span class='ocr_line' id='line_1_29' title="bbox 359 3255 1487 3335; baseline 0 -15"><span class='ocrx_word' id='word_1_255' title='bbox 359 3259 524 3334; x_wconf 92' lang='grc' dir='ltr'>διαιρεῖται</span> <span class='ocrx_word' id='word_1_256' title='bbox 544 3257 582 3318; x_wconf 93' lang='grc' dir='ltr'>τὸ</span> <span class='ocrx_word' id='word_1_257' title='bbox 609 3256 738 3330; x_wconf 92' lang='grc' dir='ltr'>λογικὸν</span> <span class='ocrx_word' id='word_1_258' title='bbox 759 3259 815 3332; x_wconf 89' lang='grc' dir='ltr'>τῆς</span> <span class='ocrx_word' id='word_1_259' title='bbox 841 3259 947 3335; x_wconf 86' lang='grc' dir='ltr'>ψυχῆς</span> <span class='ocrx_word' id='word_1_260' title='bbox 969 3255 1012 3319; x_wconf 89' lang='grc' dir='ltr'>είς</span> <span class='ocrx_word' id='word_1_261' title='bbox 1033 3275 1067 3318; x_wconf 93' lang='grc' dir='ltr'>τε</span> <span class='ocrx_word' id='word_1_262' title='bbox 1091 3258 1149 3318; x_wconf 90' lang='grc' dir='ltr'>τὸν</span> <span class='ocrx_word' id='word_1_263' title='bbox 1175 3256 1360 3320; x_wconf 80' lang='grc' dir='ltr'>ἐνδιάθετον</span> <span class='ocrx_word' id='word_1_264' title='bbox 1388 3257 1487 3332; x_wconf 89' lang='grc' dir='ltr'>λόγον</span> 
     </span>
     <span class='ocr_line' id='line_1_30' title="bbox 359 3357 1488 3437; baseline 0.001 -16"><span class='ocrx_word' id='word_1_265' title='bbox 359 3360 410 3421; x_wconf 88' lang='grc' dir='ltr'>καὶ</span> <span class='ocrx_word' id='word_1_266' title='bbox 429 3359 472 3422; x_wconf 84' lang='grc' dir='ltr'>εἰς</span> <span class='ocrx_word' id='word_1_267' title='bbox 485 3359 543 3421; x_wconf 92' lang='grc' dir='ltr'>τὸν</span> <span class='ocrx_word' id='word_1_268' title='bbox 557 3357 772 3437; x_wconf 90' lang='grc' dir='ltr'>προφορικόν.</span> <span class='ocrx_word' id='word_1_269' title='bbox 794 3359 884 3421; x_wconf 82' lang='grc' dir='ltr'>Ἐςτι</span> <span class='ocrx_word' id='word_1_270' title='bbox 904 3360 940 3422; x_wconf 82' lang='grc' dir='ltr'>δέ</span> <span class='ocrx_word' id='word_1_271' title='bbox 960 3357 1143 3422; x_wconf 89' lang='grc' dir='ltr'>ἐνδιάθετος</span> <span class='ocrx_word' id='word_1_272' title='bbox 1159 3361 1215 3436; x_wconf 81' lang='grc' dir='ltr'>μὲν</span> <span class='ocrx_word' id='word_1_273' title='bbox 1232 3359 1328 3434; x_wconf 91' lang='grc' dir='ltr'>λόγος</span> <span class='ocrx_word' id='word_1_274' title='bbox 1350 3359 1488 3436; x_wconf 91' lang='grc' dir='ltr'>κίνημα</span> 
     </span>
     <span class='ocr_line' id='line_1_31' title="bbox 358 3460 1486 3546; baseline 0.002 -24"><span class='ocrx_word' id='word_1_275' title='bbox 358 3465 422 3536; x_wconf 88' lang='grc' dir='ltr'>τῆς</span> <span class='ocrx_word' id='word_1_276' title='bbox 443 3464 565 3538; x_wconf 85' lang='grc' dir='ltr'>ψυχῆς</span> <span class='ocrx_word' id='word_1_277' title='bbox 587 3460 626 3524; x_wconf 89' lang='grc' dir='ltr'>ἐν</span> <span class='ocrx_word' id='word_1_278' title='bbox 647 3466 697 3544; x_wconf 84' lang='grc' dir='ltr'>τῷ</span> <span class='ocrx_word' id='word_1_279' title='bbox 720 3463 989 3546; x_wconf 86' lang='grc' dir='ltr'>διαλογιςτικῷ</span> <span class='ocrx_word' id='word_1_280' title='bbox 1011 3461 1218 3538; x_wconf 89' lang='grc' dir='ltr'>γινόμενον</span> <span class='ocrx_word' id='word_1_281' title='bbox 1239 3461 1316 3524; x_wconf 90' lang='grc' dir='ltr'>άνευ</span> <span class='ocrx_word' id='word_1_282' title='bbox 1331 3463 1417 3524; x_wconf 90' lang='grc' dir='ltr'>τινὸς</span> <span class='ocrx_word' id='word_1_283' title='bbox 1439 3461 1486 3524; x_wconf 84' lang='grc' dir='ltr'>ἐκ·</span> 
     </span>
     <span class='ocr_line' id='line_1_32' title="bbox 360 3561 1487 3643; baseline 0.001 -16"><span class='ocrx_word' id='word_1_284' title='bbox 360 3565 554 3643; x_wconf 89' lang='grc' dir='ltr'>φιυνήςεως·</span> <span class='ocrx_word' id='word_1_285' title='bbox 577 3563 653 3627; x_wconf 87' lang='grc' dir='ltr'>ὅθεν</span> <span class='ocrx_word' id='word_1_286' title='bbox 674 3563 827 3627; x_wconf 89' lang='grc' dir='ltr'>πολλάκις</span> <span class='ocrx_word' id='word_1_287' title='bbox 849 3565 899 3626; x_wconf 91' lang='grc' dir='ltr'>καί</span> <span class='ocrx_word' id='word_1_288' title='bbox 925 3568 1106 3628; x_wconf 86' lang='grc' dir='ltr'>ςιωπῶντες</span> <span class='ocrx_word' id='word_1_289' title='bbox 1133 3564 1232 3639; x_wconf 90' lang='grc' dir='ltr'>λόγον</span> <span class='ocrx_word' id='word_1_290' title='bbox 1254 3561 1335 3627; x_wconf 88' lang='grc' dir='ltr'>δλον</span> <span class='ocrx_word' id='word_1_291' title='bbox 1357 3563 1392 3626; x_wconf 90' lang='grc' dir='ltr'>ἐν</span> <span class='ocrx_word' id='word_1_292' title='bbox 1415 3565 1487 3628; x_wconf 82' lang='grc' dir='ltr'>ἑαυ-</span> 
     </span>
     <span class='ocr_line' id='line_1_33' title="bbox 357 3665 1488 3745; baseline 0.003 -16"><span class='ocrx_word' id='word_1_293' title='bbox 357 3669 427 3730; x_wconf 91' lang='grc' dir='ltr'>τοῖς</span> <span class='ocrx_word' id='word_1_294' title='bbox 449 3665 734 3744; x_wconf 84' lang='grc' dir='ltr'>διεξερχόμεθα,</span> <span class='ocrx_word' id='word_1_295' title='bbox 756 3668 807 3730; x_wconf 87' lang='grc' dir='ltr'>καί</span> <span class='ocrx_word' id='word_1_296' title='bbox 826 3667 943 3731; x_wconf 90' lang='grc' dir='ltr'>ἐντοῖς</span> <span class='ocrx_word' id='word_1_297' title='bbox 958 3665 1095 3745; x_wconf 88' lang='grc' dir='ltr'>ὀνείροις</span> <span class='ocrx_word' id='word_1_298' title='bbox 1110 3665 1384 3744; x_wconf 91' lang='grc' dir='ltr'>διαλεγόμεθα·</span> <span class='ocrx_word' id='word_1_299' title='bbox 1407 3669 1488 3732; x_wconf 91' lang='grc' dir='ltr'>κατά</span> 
     </span>
     <span class='ocr_line' id='line_1_34' title="bbox 358 3767 1486 3848; baseline 0.002 -14"><span class='ocrx_word' id='word_1_300' title='bbox 358 3772 455 3834; x_wconf 85' lang='grc' dir='ltr'>τοῦτο</span> <span class='ocrx_word' id='word_1_301' title='bbox 478 3770 514 3830; x_wconf 88' lang='grc' dir='ltr'>δέ</span> <span class='ocrx_word' id='word_1_302' title='bbox 536 3769 667 3846; x_wconf 91' lang='grc' dir='ltr'>μάλιςτα</span> <span class='ocrx_word' id='word_1_303' title='bbox 689 3772 810 3846; x_wconf 89' lang='grc' dir='ltr'>λογικοὶ</span> <span class='ocrx_word' id='word_1_304' title='bbox 830 3771 947 3834; x_wconf 85' lang='grc' dir='ltr'>πάντες</span> <span class='ocrx_word' id='word_1_305' title='bbox 969 3769 1070 3848; x_wconf 90' lang='grc' dir='ltr'>ἐςμέν.</span> <span class='ocrx_word' id='word_1_306' title='bbox 1104 3769 1160 3833; x_wconf 90' lang='grc' dir='ltr'>Καὶ</span> <span class='ocrx_word' id='word_1_307' title='bbox 1173 3771 1234 3847; x_wconf 88' lang='grc' dir='ltr'>γάρ</span> <span class='ocrx_word' id='word_1_308' title='bbox 1257 3767 1287 3832; x_wconf 90' lang='grc' dir='ltr'>οἱ</span> <span class='ocrx_word' id='word_1_309' title='bbox 1308 3769 1344 3832; x_wconf 93' lang='grc' dir='ltr'>ἐκ</span> <span class='ocrx_word' id='word_1_310' title='bbox 1357 3774 1486 3847; x_wconf 85' lang='grc' dir='ltr'>γενετῆς</span> 
     </span>
     <span class='ocr_line' id='line_1_35' title="bbox 359 3869 1488 3951; baseline 0.004 -17"><span class='ocrx_word' id='word_1_311' title='bbox 359 3872 468 3950; x_wconf 90' lang='grc' dir='ltr'>κωφοί</span> <span class='ocrx_word' id='word_1_312' title='bbox 493 3871 512 3947; x_wconf 85' lang='grc' dir='ltr'>ἢ</span> <span class='ocrx_word' id='word_1_313' title='bbox 540 3869 570 3934; x_wconf 84' lang='grc' dir='ltr'>οἱ</span> <span class='ocrx_word' id='word_1_314' title='bbox 596 3871 649 3934; x_wconf 90' lang='grc' dir='ltr'>διά</span> <span class='ocrx_word' id='word_1_315' title='bbox 669 3891 697 3934; x_wconf 90' lang='grc' dir='ltr'>τι</span> <span class='ocrx_word' id='word_1_316' title='bbox 722 3873 846 3951; x_wconf 92' lang='grc' dir='ltr'>νόςημα</span> <span class='ocrx_word' id='word_1_317' title='bbox 872 3873 891 3948; x_wconf 83' lang='grc' dir='ltr'>ἣ</span> <span class='ocrx_word' id='word_1_318' title='bbox 917 3873 1020 3935; x_wconf 93' lang='grc' dir='ltr'>πάθος</span> <span class='ocrx_word' id='word_1_319' title='bbox 1041 3873 1100 3948; x_wconf 83' lang='grc' dir='ltr'>την</span> <span class='ocrx_word' id='word_1_320' title='bbox 1127 3872 1245 3949; x_wconf 88' lang='grc' dir='ltr'>φωνὴν</span> <span class='ocrx_word' id='word_1_321' title='bbox 1267 3870 1488 3950; x_wconf 84' lang='grc' dir='ltr'>ἀποβαλόντες</span> 
     </span>
     <span class='ocr_line' id='line_1_36' title="bbox 359 3973 1487 4058; baseline -0.001 -19"><span class='ocrx_word' id='word_1_322' title='bbox 359 3974 456 4039; x_wconf 83' lang='grc' dir='ltr'>οὐδὲν</span> <span class='ocrx_word' id='word_1_323' title='bbox 478 3973 574 4050; x_wconf 81' lang='grc' dir='ltr'>ἧττον</span> <span class='ocrx_word' id='word_1_324' title='bbox 597 3975 718 4050; x_wconf 90' lang='grc' dir='ltr'>λογικοί</span> <span class='ocrx_word' id='word_1_325' title='bbox 739 3975 822 4039; x_wconf 89' lang='grc' dir='ltr'>είςιν.</span> <span class='ocrx_word' id='word_1_326' title='bbox 851 3974 889 4038; x_wconf 74' lang='lat'>‘0</span> <span class='ocrx_word' id='word_1_327' title='bbox 906 3977 942 4038; x_wconf 82' lang='grc' dir='ltr'>δὲ</span> <span class='ocrx_word' id='word_1_328' title='bbox 956 3976 1159 4054; x_wconf 88' lang='grc' dir='ltr'>προφορικὸς</span> <span class='ocrx_word' id='word_1_329' title='bbox 1175 3976 1271 4051; x_wconf 91' lang='grc' dir='ltr'>λόγος</span> <span class='ocrx_word' id='word_1_330' title='bbox 1286 3975 1321 4038; x_wconf 92' lang='grc' dir='ltr'>ἐν</span> <span class='ocrx_word' id='word_1_331' title='bbox 1335 3980 1372 4056; x_wconf 81' lang='grc' dir='ltr'>τῇ</span> <span class='ocrx_word' id='word_1_332' title='bbox 1389 3981 1487 4058; x_wconf 82' lang='grc' dir='ltr'>φωνῇ</span> 
     </span>
     <span class='ocr_line' id='line_1_37' title="bbox 359 4077 1489 4156; baseline 0.002 -16"><span class='ocrx_word' id='word_1_333' title='bbox 359 4079 410 4142; x_wconf 89' lang='grc' dir='ltr'>καί</span> <span class='ocrx_word' id='word_1_334' title='bbox 432 4077 466 4139; x_wconf 96' lang='grc' dir='ltr'>ἐν</span> <span class='ocrx_word' id='word_1_335' title='bbox 487 4079 558 4139; x_wconf 91' lang='grc' dir='ltr'>ταῖς</span> <span class='ocrx_word' id='word_1_336' title='bbox 579 4079 754 4142; x_wconf 86' lang='grc' dir='ltr'>διαλέκτοις</span> <span class='ocrx_word' id='word_1_337' title='bbox 772 4080 830 4156; x_wconf 84' lang='grc' dir='ltr'>τὴν</span> <span class='ocrx_word' id='word_1_338' title='bbox 846 4077 1007 4156; x_wconf 87' lang='grc' dir='ltr'>ἐνέργειαν</span> <span class='ocrx_word' id='word_1_339' title='bbox 1027 4078 1097 4156; x_wconf 82' lang='grc' dir='ltr'>ἔχει.</span> <span class='ocrx_word' id='word_1_340' title='bbox 1128 4079 1229 4156; x_wconf 81' lang='grc' dir='ltr'>ἥγουν</span> <span class='ocrx_word' id='word_1_341' title='bbox 1245 4077 1263 4140; x_wconf 89' lang='grc' dir='ltr'>ό</span> <span class='ocrx_word' id='word_1_342' title='bbox 1279 4079 1332 4140; x_wconf 91' lang='grc' dir='ltr'>διά</span> <span class='ocrx_word' id='word_1_343' title='bbox 1345 4077 1489 4156; x_wconf 87' lang='grc' dir='ltr'>γλώςςης</span> 
     </span>
     <span class='ocr_line' id='line_1_38' title="bbox 360 4178 1488 4260; baseline 0.004 -20"><span class='ocrx_word' id='word_1_344' title='bbox 360 4181 410 4242; x_wconf 89' lang='grc' dir='ltr'>καὶ</span> <span class='ocrx_word' id='word_1_345' title='bbox 432 4178 586 4256; x_wconf 89' lang='grc' dir='ltr'>ςτόματος</span> <span class='ocrx_word' id='word_1_346' title='bbox 600 4183 850 4260; x_wconf 92' lang='grc' dir='ltr'>προφερόμενος</span> <span class='ocrx_word' id='word_1_347' title='bbox 865 4179 971 4254; x_wconf 92' lang='grc' dir='ltr'>λόγος.</span> <span class='ocrx_word' id='word_1_348' title='bbox 1001 4182 1052 4243; x_wconf 93' lang='grc' dir='ltr'>διὸ</span> <span class='ocrx_word' id='word_1_349' title='bbox 1068 4183 1118 4244; x_wconf 90' lang='grc' dir='ltr'>καὶ</span> <span class='ocrx_word' id='word_1_350' title='bbox 1132 4181 1335 4260; x_wconf 88' lang='grc' dir='ltr'>προφορικὸς</span> <span class='ocrx_word' id='word_1_351' title='bbox 1351 4181 1488 4254; x_wconf 86' lang='grc' dir='ltr'>λέγεται·</span> 
     </span>
    </p>
   </div>
   <div class='ocr_carea' id='block_1_4' title="bbox 0 0 1686 4930">
    <p class='ocr_par' dir='ltr' id='par_1_5' title="bbox 0 0 1686 4930">
     <span class='ocr_line' id='line_1_39' title="bbox 0 0 1686 4930; baseline 0 0"><span class='ocrx_word' id='word_1_352' title='bbox 0 0 1686 4930; x_wconf 95' lang='lat' dir='ltr'> </span> 
     </span>
    </p>
   </div>
  </div>
 </body>
</html>
