3096 4924
274 401 489 470 Quaestiones
511 404 625 459 criticae
643 401 673 458 in
692 403 889 473 Aristophanis
907 403 1026 459 fabulas.
1169 398 1230 460 127

95 595 207 638 manum
223 594 325 658 saepe
343 577 543 640 servaverit
553 573 638 639 solus
650 595 725 639 oum
737 575 932 657 1166666616,
947 576 1112 640 interdum
1123 597 1233 660 quam·

98 680 137 742 ris
160 698 229 742 raro
254 678 382 742 solus”.
422 678 535 742 Nemo
558 679 620 742 iam
641 679 742 762 igitur
764 699 839 743 cum
862 679 1020 744 Schneeio
1043 680 1149 761 166161,
1177 681 1232 763 qui

101 786 155 866 69
172 783 381 847 Ambrosiam
400 782 437 846 11
459 782 617 866 “prorsus
639 782 769 845 inanem
792 786 825 846 et
840 781 996 847 caducam
1012 783 1232 848 auctoritatem

102 885 252 969 fidemque
276 886 375 949 esse”
401 886 543 968 putavit
570 885 682 967 Itaque
706 885 733 947 is
753 887 904 968 optimam
924 883 983 948 Nb.
1000 885 1045 948 Pl.
1063 889 1122 948 Av.
1140 885 1232 950 fabu-

104 989 196 1052 larum
215 987 395 1051 editionem
411 987 564 1051 criticam
578 989 741 1070 paravisse
756 987 927 1071 ridebitur,
948 989 1002 1071 qui
1019 990 1056 1052 61
1070 988 1232 1052 Velseuus
1274 1001 1277 1008 ⁴

105 1093 136 1154 in
151 1091 322 1174 11661116
341 1091 392 1155 sic
416 1092 451 1153 16
476 1089 537 1154 Nb.
554 1090 600 1154 Pl.
619 1093 677 1154 hv.
694 1090 837 1156 codicem
857 1091 893 1156 Μ
911 1091 951 1155 ad
972 1091 1232 1157 constituendum

106 1195 211 1258 ornrioi
234 1199 361 1258 textum
385 1193 583 1258 adhibuerit.
855 1193 856 1198 ’

190 1303 292 1380 Atque
317 1299 417 1361 etiam
441 1298 612 1361 Parisinus
629 1301 658 1362 A
676 1317 737 1362 non
760 1303 882 1363 temere
903 1302 1064 1381 tamquam
1079 1299 1163 1363 liber
1179 1299 1233 1364 de·

106 1404 200 1465 tarior
220 1401 440 1485 neglegendus
466 1405 525 1464 est
565 1400 668 1477 Quem
692 1400 832 1466 codicem
858 1401 898 1465 ad
922 1401 1055 1466 eandem
1079 1402 1232 1466 familiam

104 1514 198 1586 atque
209 1504 306 1568 8-11
318 1503 532 1568 referendum
544 1523 617 1567 esse
630 1523 725 1587 supra
736 1503 885 1568 vidimus.
911 1503 961 1568 Ad
977 1504 1232 1568 continuandam

106 1613 210 1671 autem
228 1611 368 1671 nostrum
384 1607 424 1670 de
441 1605 526 1669 libro
544 1608 780 1670 6666166666
796 1627 861 1670 non
877 1607 1018 1670 alienum
1035 1610 1084 1671 est
1102 1627 1232 1671 monere

107 1711 291 1776 Schneeium
314 1713 348 1774 in
372 1711 435 1774 alio
461 1709 580 1790 libello,
608 1712 662 1792 qui
685 1709 888 1774 inscribitur:
914 1710 984 1775 “De
1008 1711 1233 1794 Aristophanis

108 1815 324 1898 manuscriptis
355 1813 476 1896 quibus
508 1813 618 1877 Ranae
648 1816 680 1876 et
707 1815 795 1878 Aves
819 1812 1011 1876 truduntur”
1042 1813 1232 1898 (Hamburgi

113 1918 212 1998 1886),
233 1937 260 2000 p.
278 1921 295 1980 7
313 1917 480 1982 Ranarum
504 1915 659 1980 lectiones
683 1915 838 1998 quasdam
862 1917 1052 1999 conspicuas
1077 1919 1233 1999 enotasse,

111 2039 152 2082 ex
180 2020 290 2102 quibus
323 2019 545 2104 colligendum
576 2019 606 2082 ei
636 2017 805 2082 videbatur
833 2017 995 2081 “Parisini
1022 2019 1233 2098 archetypum

112 2121 191 2184 idem
214 2142 279 2186 esse
302 2128 398 2205 atque
413 2121 656 2186 Amb1·osiani”.
684 2121 752 2185 Iam
775 2122 863 2185 locos
886 2121 1077 2186 aSchneeio
1102 2139 1233 2191 666166

111 2237 199 2304 66166,
224 2225 275 2289 ubi
299 2227 365 2290 All
389 2225 550 2289 adversus
574 2225 631 2289 RV
656 2225 859 2304 concordant
888 2226 1096 2308 proferimus:
1123 2225 1173 2288 “v.
1190 2227 1231 2288 53

111 2329 248 2407 ἐξαίφνης
264 2331 343 2408 πρὸ(
360 2329 511 2407 ἐμαυτόν,
537 2348 564 2390 v.
580 2330 639 2391 157
657 2330 706 2392 καὶ
721 2329 825 2392 πολὺν
842 2330 955 2407 χειρῶν
973 2329 1089 2406 κρότον
1106 2331 1233 2411 116666,

111 2449 138 2490 r.
159 2432 237 2495 1035
259 2453 330 2510 arxe
355 2434 454 2514 (sici),
479 2453 508 2494 r.
533 2433 617 2494 1418
642 2434 792 2496 πλούτων
815 2435 883 2515 (pro
907 2435 1040 2512 ποιητήν
1052 2435 1079 2515 1),
1108 2454 1137 2496 v.
1160 2435 1233 2515 103,

113 2535 450 2618 124,191,193,197,
476 2537 551 2616 222,
575 2538 649 2618 268,
675 2538 748 2619 286,
773 2537 847 2619 291,
873 2538 947 2619 296,
972 2539 1046 2619 300,
1067 2539 1141 2603 304.
1158 2540 1232 2620 308,

113 2638 174 2700 329
197 2641 271 2704 elo.”
302 2639 428 2716 Quibus
453 2659 495 2703 ex
521 2639 669 2702 versibus
693 2638 849 2703 delendus
873 2643 923 2703 661
946 2660 973 2703 r.
993 2641 1088 2722 1418,
1111 2639 1167 2704 651
1183 2641 1234 2704 vir

114 2740 163 2805 ille
190 2742 296 2808 doctus
316 2744 454 2808 7616661
483 2747 670 2826 apparatum
698 2745 845 2808 criticum
874 2764 939 2808 666
962 2749 1050 2808 66616
1073 2746 1231 2828 inspexit3
1307 2741 1314 2753 '

115 2844 280 2910 11166116
306 2846 393 2910 idem
422 2845 579 2930 praebent
606 2846 691 2929 quod
718 2847 786 2929 RV,
816 2848 1104 2926 66111661ποιητήν.
1139 2847 1232 2912 Locis

114 2955 243 3013 autema
258 2951 415 3016 Schneeio
440 2952 578 3014 enotatis
601 2948 719 3014 addere
743 2953 833 3014 iuvat
847 2970 865 3014 6
879 2950 1013 3014 Volsoni
1034 2951 1232 3034 supellectile

115 3052 217 3116 critica
237 3073 297 3117 666.
315 3056 389 3135 359,
414 3056 491 3136 374,
516 3055 591 3136 375,
611 3055 684 3132 389,
700 3056 775 3136 409,
792 3056 867 3136 488,
885 3056 958 3134 519,
976 3056 1050 3136 543,
1067 3055 1141 3134 565,
1159 3055 1232 3137 611,

117 3151 183 3236 020,
205 3157 273 3238 625,
297 3159 371 3239 627,
398 3159 473 3238 671,
499 3159 574 3239 748,
598 3157 672 3239 800,
696 3158 771 3238 829,
792 3159 866 3240 880,
883 3159 958 3238 892,
975 3159 1049 3240 907,
1066 3160 1140 3239 939,
1158 3159 1232 3240 942,

117 3257 183 3338 946,
204 3262 272 3342 949,
297 3262 393 3342 1021,
422 3261 519 3343 1067,
546 3261 641 3342 1182,
667 3262 761 3342 1186,
788 3262 884 3344 1188,
909 3261 1117 3342 1195,1228‚
1136 3262 1231 3344 1302,

120 3359 416 3447 1394,1422,1482.
441 3363 532 3440 Quae
549 3383 623 3426 oum
639 3364 683 3426 116
698 3365 770 3445 6161,
788 3364 848 3427 hoc
863 3381 1054 3446 persuasum
1069 3363 1232 3446 66616661

116 3461 139 3524 si
160 3467 223 3546 quis
244 3467 395 3532 omnibus
421 3486 464 3530 ex
488 3465 633 3549 partibus
656 3468 691 3529 16
714 3465 842 3530 codices
859 3465 984 3530 RVMA
1001 3468 1184 3530 accuratius
1201 3471 1234 3530 et

115 3565 278 3651 diligendus
306 3574 465 3656 inquiret,
495 3589 569 3634 eum
597 3589 724 3653 operam
752 3570 1000 3653 haudquaquam
1027 3572 1176 3636 inutilem
1198 3572 1233 3635 in

112 3671 238 3740 codicum
253 3679 446 3741 nostrorum
462 3672 637 3756 generibus
653 3677 740 3738 recte
757 3673 961 3738 diudicnndis
978 3677 1011 3738 61
1025 3673 1232 3738 aestimandis

109 3783 325 3859 praestaturum
351 3796 439 3842 esse.

620 3903 638 3981 ,a
664 3903 713 3965 17.

168 4027 369 4092 meimum
398 4021 463 4096 661,
487 4015 719 4102 6161166666,
743 4039 822 4083 num
844 4017 927 4083 duae
943 4019 1086 4102 reliquae
1103 4039 1144 4082 ex
1161 4039 1232 4103 sep-

96 4133 227 4200 16611116
257 4127 409 4204 1656116,
442 4137 528 4202 quae
556 4123 588 4184 et
608 4121 637 4186 R
661 4125 693 4187 61
715 4123 746 4186 V
766 4122 987 4206 adservantur,
1012 4123 1135 4206 Vespas
1160 4122 1232 4188 dico

94 4241 262 4328 emacem„
274 4235 329 4298 ita
357 4221 513 4290 traditae
536 4223 606 4306 6161,
629 4227 665 4288 61
688 4245 868 4292 666666666
892 4225 977 4290 inter
999 4225 1021 4290 8
1045 4229 1078 4288 61
1099 4225 1160 4288 RV
1179 4225 1233 4290 de-

92 4343 215 4436 prehendi
241 4333 379 4425 possit.
