<?xml version="1.0" encoding="UTF-8"?>
<!DOCTYPE html PUBLIC "-//W3C//DTD XHTML 1.0 Transitional//EN"
    "http://www.w3.org/TR/xhtml1/DTD/xhtml1-transitional.dtd">
<html xmlns="http://www.w3.org/1999/xhtml" xml:lang="en" lang="en">
 <head>
  <title>
</title>
<meta http-equiv="Content-Type" content="text/html;charset=utf-8" />
  <meta name='ocr-system' content='tesseract 3.04.00' />
  <meta name='ocr-capabilities' content='ocr_page ocr_carea ocr_par ocr_line ocrx_word'/>
</head>
<body>
  <div class='ocr_page' id='page_1' title='image "./dissertationesp03stragoog_0678.png"; bbox 0 0 2940 4792; ppageno 0'>
   <div class='ocr_carea' id='block_1_1' title="bbox 183 89 1205 178">
    <p class='ocr_par' dir='ltr' id='par_1_1' title="bbox 183 89 1205 178">
     <span class='ocr_line' id='line_1_1' title="bbox 183 89 1205 178; baseline 0.004 -14"><span class='ocrx_word' id='word_1_1' title='bbox 183 105 309 178; x_wconf 78' lang='lat' dir='ltr'>Sprachl.</span> <span class='ocrx_word' id='word_1_2' title='bbox 320 105 572 175; x_wconf 77' lang='lat' dir='ltr'>Untersuchungen</span> <span class='ocrx_word' id='word_1_3' title='bbox 589 121 624 160; x_wconf 87' lang='lat' dir='ltr'>zu</span> <span class='ocrx_word' id='word_1_4' title='bbox 637 107 828 176; x_wconf 76' lang='lat' dir='ltr'><strong>Theophrasts</strong></span> <span class='ocrx_word' id='word_1_5' title='bbox 840 109 936 164; x_wconf 78' lang='lat' dir='ltr'><strong>butan.</strong></span> <span class='ocrx_word' id='word_1_6' title='bbox 947 109 1096 164; x_wconf 79' lang='lat' dir='ltr'><strong>Schriften.</strong></span> <span class='ocrx_word' id='word_1_7' title='bbox 1163 89 1205 168; x_wconf 81' lang='grc'>29</span> 
     </span>
    </p>
   </div>
   <div class='ocr_carea' id='block_1_2' title="bbox 59 279 1206 1188">
    <p class='ocr_par' dir='ltr' id='par_1_2' title="bbox 59 279 1206 1188">
     <span class='ocr_line' id='line_1_2' title="bbox 59 279 1205 367; baseline -0.003 -22"><span class='ocrx_word' id='word_1_8' title='bbox 59 282 205 360; x_wconf 80' lang='grc' dir='ltr'>ἐπιρροὴ</span> <span class='ocrx_word' id='word_1_9' title='bbox 222 317 266 328; x_wconf 86' lang='lat'>—</span> <span class='ocrx_word' id='word_1_10' title='bbox 283 279 520 359; x_wconf 83' lang='grc' dir='ltr'>ἀποεβέννυται,</span> <span class='ocrx_word' id='word_1_11' title='bbox 540 279 566 361; x_wconf 79' lang='grc' dir='ltr'>ᾧ</span> <span class='ocrx_word' id='word_1_12' title='bbox 587 280 729 357; x_wconf 89' lang='grc' dir='ltr'>φαίνεται</span> <span class='ocrx_word' id='word_1_13' title='bbox 745 279 778 343; x_wconf 85' lang='lat' dir='ltr'>C.</span> <span class='ocrx_word' id='word_1_14' title='bbox 792 279 822 341; x_wconf 88' lang='lat' dir='ltr'>V</span> <span class='ocrx_word' id='word_1_15' title='bbox 836 289 886 367; x_wconf 82' lang='lat'>17,</span> <span class='ocrx_word' id='word_1_16' title='bbox 904 290 940 359; x_wconf 79' lang='lat'>73</span> <span class='ocrx_word' id='word_1_17' title='bbox 961 281 1079 347; x_wconf 85' lang='lat' dir='ltr'>ebenso</span> <span class='ocrx_word' id='word_1_18' title='bbox 1096 285 1205 347; x_wconf 64' lang='lat' dir='ltr'>nattis.</span> 
     </span>
     <span class='ocr_line' id='line_1_3' title="bbox 63 382 1206 465; baseline 0 -16"><span class='ocrx_word' id='word_1_19' title='bbox 63 386 138 451; x_wconf 81' lang='lat' dir='ltr'>lich</span> <span class='ocrx_word' id='word_1_20' title='bbox 164 404 221 448; x_wconf 83' lang='lat' dir='ltr'>vor</span> <span class='ocrx_word' id='word_1_21' title='bbox 244 384 350 448; x_wconf 79' lang='lat' dir='ltr'>einem</span> <span class='ocrx_word' id='word_1_22' title='bbox 375 383 434 445; x_wconf 85' lang='lat' dir='ltr'>mit</span> <span class='ocrx_word' id='word_1_23' title='bbox 449 382 651 465; x_wconf 66' lang='lat' dir='ltr'><strong>Prfiposition</strong></span> <span class='ocrx_word' id='word_1_24' title='bbox 671 382 902 448; x_wconf 81' lang='lat' dir='ltr'>verbundenen</span> <span class='ocrx_word' id='word_1_25' title='bbox 918 383 1043 448; x_wconf 82' lang='lat' dir='ltr'>Relativ</span> <span class='ocrx_word' id='word_1_26' title='bbox 1062 386 1126 448; x_wconf 88' lang='lat' dir='ltr'>und</span> <span class='ocrx_word' id='word_1_27' title='bbox 1147 406 1206 450; x_wconf 87' lang='lat' dir='ltr'>vor</span> 
     </span>
     <span class='ocr_line' id='line_1_4' title="bbox 64 483 1203 571; baseline 0.003 -21"><span class='ocrx_word' id='word_1_28' title='bbox 64 489 240 552; x_wconf 81' lang='lat' dir='ltr'>relativem</span> <span class='ocrx_word' id='word_1_29' title='bbox 254 485 401 550; x_wconf 86' lang='lat' dir='ltr'><strong>Adverb:</strong></span> <span class='ocrx_word' id='word_1_30' title='bbox 418 487 494 568; x_wconf 83' lang='grc' dir='ltr'>παίη</span> <span class='ocrx_word' id='word_1_31' title='bbox 511 483 582 564; x_wconf 82' lang='grc' dir='ltr'>ἄχρι</span> <span class='ocrx_word' id='word_1_32' title='bbox 596 484 679 549; x_wconf 73' lang='lat'>0611</span> <span class='ocrx_word' id='word_1_33' title='bbox 693 488 721 567; x_wconf 87' lang='lat'>5,</span> <span class='ocrx_word' id='word_1_34' title='bbox 734 488 769 562; x_wconf 91' lang='grc'>4;</span> <span class='ocrx_word' id='word_1_35' title='bbox 789 490 827 552; x_wconf 88' lang='grc' dir='ltr'>τὸ</span> <span class='ocrx_word' id='word_1_36' title='bbox 841 486 909 550; x_wconf 79' lang='grc' dir='ltr'>ἄνω</span> <span class='ocrx_word' id='word_1_37' title='bbox 924 487 958 551; x_wconf 87' lang='grc' dir='ltr'>ἐν</span> <span class='ocrx_word' id='word_1_38' title='bbox 972 488 1058 571; x_wconf 81' lang='grc' dir='ltr'>ᾧπερ</span> <span class='ocrx_word' id='word_1_39' title='bbox 1075 489 1108 552; x_wconf 93' lang='grc' dir='ltr'>Π</span> <span class='ocrx_word' id='word_1_40' title='bbox 1122 491 1151 571; x_wconf 99' lang='grc'>6,</span> <span class='ocrx_word' id='word_1_41' title='bbox 1168 491 1203 568; x_wconf 87' lang='grc'>2;</span> 
     </span>
     <span class='ocr_line' id='line_1_5' title="bbox 65 588 1203 674; baseline 0.004 -20"><span class='ocrx_word' id='word_1_42' title='bbox 65 591 193 655; x_wconf 83' lang='grc' dir='ltr'>αὐλῶνι</span> <span class='ocrx_word' id='word_1_43' title='bbox 213 592 248 655; x_wconf 85' lang='grc' dir='ltr'>ἐν</span> <span class='ocrx_word' id='word_1_44' title='bbox 269 591 295 674; x_wconf 79' lang='grc' dir='ltr'>ᾧ</span> <span class='ocrx_word' id='word_1_45' title='bbox 314 589 447 671; x_wconf 83' lang='grc'>116,5;</span> <span class='ocrx_word' id='word_1_46' title='bbox 471 590 585 653; x_wconf 86' lang='grc' dir='ltr'>πτελέα</span> <span class='ocrx_word' id='word_1_47' title='bbox 608 589 642 651; x_wconf 87' lang='grc' dir='ltr'>έν</span> <span class='ocrx_word' id='word_1_48' title='bbox 667 588 714 654; x_wconf 82' lang='grc' dir='ltr'>οῐε</span> <span class='ocrx_word' id='word_1_49' title='bbox 740 589 790 652; x_wconf 92' lang='lat' dir='ltr'>III</span> <span class='ocrx_word' id='word_1_50' title='bbox 802 592 858 670; x_wconf 12' lang='lat'>415,</span> <span class='ocrx_word' id='word_1_51' title='bbox 875 592 910 667; x_wconf 85' lang='grc'>4;</span> <span class='ocrx_word' id='word_1_52' title='bbox 936 591 1063 657; x_wconf 88' lang='grc' dir='ltr'>κότινον</span> <span class='ocrx_word' id='word_1_53' title='bbox 1086 595 1144 657; x_wconf 93' lang='grc' dir='ltr'>τὸν</span> <span class='ocrx_word' id='word_1_54' title='bbox 1169 593 1203 658; x_wconf 83' lang='grc' dir='ltr'>ἐν</span> 
     </span>
     <span class='ocr_line' id='line_1_6' title="bbox 67 691 1203 776; baseline 0.003 -19"><span class='ocrx_word' id='word_1_55' title='bbox 67 693 226 776; x_wconf 82' lang='grc' dir='ltr'>Ὀλυμπίᾳ</span> <span class='ocrx_word' id='word_1_56' title='bbox 249 692 308 772; x_wconf 83' lang='grc' dir='ltr'>ἀφ’</span> <span class='ocrx_word' id='word_1_57' title='bbox 325 692 364 756; x_wconf 83' lang='grc' dir='ltr'>οὗ</span> <span class='ocrx_word' id='word_1_58' title='bbox 386 691 434 755; x_wconf 99' lang='grc' dir='ltr'><em>Ν</em></span> <span class='ocrx_word' id='word_1_59' title='bbox 452 693 503 773; x_wconf 92' lang='grc'>13,</span> <span class='ocrx_word' id='word_1_60' title='bbox 520 692 554 767; x_wconf 86' lang='grc'>2;</span> <span class='ocrx_word' id='word_1_61' title='bbox 579 692 598 769; x_wconf 84' lang='grc' dir='ltr'>ἡ</span> <span class='ocrx_word' id='word_1_62' title='bbox 622 693 723 771; x_wconf 87' lang='grc' dir='ltr'>μήτρα</span> <span class='ocrx_word' id='word_1_63' title='bbox 747 694 781 756; x_wconf 85' lang='grc' dir='ltr'>ἐν</span> <span class='ocrx_word' id='word_1_64' title='bbox 805 695 823 776; x_wconf 75' lang='grc' dir='ltr'>ᾖ</span> <span class='ocrx_word' id='word_1_65' title='bbox 843 693 873 754; x_wconf 92' lang='lat' dir='ltr'>V</span> <span class='ocrx_word' id='word_1_66' title='bbox 892 693 942 774; x_wconf 86' lang='lat'>13,</span> <span class='ocrx_word' id='word_1_67' title='bbox 961 694 994 770; x_wconf 83' lang='lat'>13</span> <span class='ocrx_word' id='word_1_68' title='bbox 1019 696 1203 773; x_wconf 87' lang='grc' dir='ltr'>μονόκαυλα</span> 
     </span>
     <span class='ocr_line' id='line_1_7' title="bbox 70 794 1203 877; baseline 0.001 -16"><span class='ocrx_word' id='word_1_69' title='bbox 70 798 100 861; x_wconf 86' lang='lat'>6&#39;</span> <span class='ocrx_word' id='word_1_70' title='bbox 118 797 218 876; x_wconf 81' lang='grc' dir='ltr'>ἄμφω</span> <span class='ocrx_word' id='word_1_71' title='bbox 249 798 298 860; x_wconf 89' lang='grc' dir='ltr'>καὶ</span> <span class='ocrx_word' id='word_1_72' title='bbox 325 798 493 874; x_wconf 85' lang='grc' dir='ltr'>γονατώδη</span> <span class='ocrx_word' id='word_1_73' title='bbox 522 795 580 875; x_wconf 83' lang='grc' dir='ltr'>ἀφ’</span> <span class='ocrx_word' id='word_1_74' title='bbox 597 794 643 859; x_wconf 84' lang='grc' dir='ltr'>ὧν</span> <span class='ocrx_word' id='word_1_75' title='bbox 668 795 714 858; x_wconf 94' lang='lat' dir='ltr'>VI</span> <span class='ocrx_word' id='word_1_76' title='bbox 732 797 760 877; x_wconf 84' lang='lat'>2,</span> <span class='ocrx_word' id='word_1_77' title='bbox 783 799 817 873; x_wconf 89' lang='grc'>7;</span> <span class='ocrx_word' id='word_1_78' title='bbox 843 798 1073 875; x_wconf 81' lang='grc' dir='ltr'>διαρρίπτεεθαι</span> <span class='ocrx_word' id='word_1_79' title='bbox 1102 800 1134 864; x_wconf 85' lang='grc' dir='ltr'>ἐξ</span> <span class='ocrx_word' id='word_1_80' title='bbox 1163 798 1203 863; x_wconf 86' lang='grc' dir='ltr'>οὗ</span> 
     </span>
     <span class='ocr_line' id='line_1_8' title="bbox 70 898 1202 984; baseline 0 -20"><span class='ocrx_word' id='word_1_81' title='bbox 70 901 205 981; x_wconf 83' lang='grc' dir='ltr'>φύεεθαι</span> <span class='ocrx_word' id='word_1_82' title='bbox 230 903 259 981; x_wconf 94' lang='grc'>3,</span> <span class='ocrx_word' id='word_1_83' title='bbox 280 901 318 976; x_wconf 86' lang='grc'>4;</span> <span class='ocrx_word' id='word_1_84' title='bbox 342 901 476 974; x_wconf 90' lang='grc' dir='ltr'>γίγνεται</span> <span class='ocrx_word' id='word_1_85' title='bbox 501 898 535 961; x_wconf 88' lang='grc' dir='ltr'>ἐν</span> <span class='ocrx_word' id='word_1_86' title='bbox 564 899 590 982; x_wconf 82' lang='grc' dir='ltr'>ᾧ</span> <span class='ocrx_word' id='word_1_87' title='bbox 614 898 679 961; x_wconf 89' lang='lat' dir='ltr'>VII</span> <span class='ocrx_word' id='word_1_88' title='bbox 696 901 725 980; x_wconf 88' lang='lat'>3,</span> <span class='ocrx_word' id='word_1_89' title='bbox 748 902 784 974; x_wconf 77' lang='lat'>53</span> <span class='ocrx_word' id='word_1_90' title='bbox 809 901 844 964; x_wconf 83' lang='grc' dir='ltr'>ἐν</span> <span class='ocrx_word' id='word_1_91' title='bbox 868 905 914 983; x_wconf 83' lang='grc' dir='ltr'>τῷ</span> <span class='ocrx_word' id='word_1_92' title='bbox 939 898 1006 978; x_wconf 88' lang='grc' dir='ltr'>ὄρει</span> <span class='ocrx_word' id='word_1_93' title='bbox 1029 906 1073 983; x_wconf 82' lang='grc' dir='ltr'>τῷ</span> <span class='ocrx_word' id='word_1_94' title='bbox 1099 901 1202 984; x_wconf 83' lang='grc' dir='ltr'>Μηρῷ</span> 
     </span>
     <span class='ocr_line' id='line_1_9' title="bbox 70 1002 1201 1087; baseline 0 -20"><span class='ocrx_word' id='word_1_95' title='bbox 70 1007 259 1087; x_wconf 78' lang='grc' dir='ltr'>καλουμένῳ</span> <span class='ocrx_word' id='word_1_96' title='bbox 284 1003 359 1067; x_wconf 88' lang='grc' dir='ltr'>ὅθεν</span> <span class='ocrx_word' id='word_1_97' title='bbox 379 1002 426 1065; x_wconf 90' lang='grc' dir='ltr'><em>Ν</em></span> <span class='ocrx_word' id='word_1_98' title='bbox 442 1005 472 1083; x_wconf 96' lang='grc'>4,</span> <span class='ocrx_word' id='word_1_99' title='bbox 491 1005 524 1077; x_wconf 86' lang='grc'>1;</span> <span class='ocrx_word' id='word_1_100' title='bbox 549 1002 613 1067; x_wconf 84' lang='grc' dir='ltr'>ἀπὸ</span> <span class='ocrx_word' id='word_1_101' title='bbox 640 1005 675 1065; x_wconf 81' lang='grc' dir='ltr'>δὲ</span> <span class='ocrx_word' id='word_1_102' title='bbox 697 1006 756 1066; x_wconf 88' lang='grc' dir='ltr'>τοῦ</span> <span class='ocrx_word' id='word_1_103' title='bbox 781 1006 899 1067; x_wconf 80' lang='grc' dir='ltr'>λεπτοῦ</span> <span class='ocrx_word' id='word_1_104' title='bbox 925 1003 1001 1066; x_wconf 87' lang='grc' dir='ltr'>ὅθεν</span> <span class='ocrx_word' id='word_1_105' title='bbox 1026 1003 1044 1067; x_wconf 98' lang='lat'>6</span> <span class='ocrx_word' id='word_1_106' title='bbox 1066 1004 1147 1082; x_wconf 85' lang='grc' dir='ltr'>ἀθήρ</span> <span class='ocrx_word' id='word_1_107' title='bbox 1168 1003 1201 1067; x_wconf 80' lang='grc' dir='ltr'>Ο.</span> 
     </span>
     <span class='ocr_line' id='line_1_10' title="bbox 70 1102 845 1188; baseline -0.004 -18"><span class='ocrx_word' id='word_1_108' title='bbox 70 1107 116 1170; x_wconf 94' lang='grc' dir='ltr'><em>Ν</em></span> <span class='ocrx_word' id='word_1_109' title='bbox 133 1110 163 1188; x_wconf 97' lang='grc'>7,</span> <span class='ocrx_word' id='word_1_110' title='bbox 180 1108 215 1186; x_wconf 72' lang='grc'>4,</span> <span class='ocrx_word' id='word_1_111' title='bbox 242 1107 260 1169; x_wconf 93' lang='lat'>6</span> <span class='ocrx_word' id='word_1_112' title='bbox 286 1106 406 1185; x_wconf 72' lang='grc' dir='ltr'>καρπὸς</span> <span class='ocrx_word' id='word_1_113' title='bbox 431 1106 546 1170; x_wconf 87' lang='grc' dir='ltr'>ἀνίεται</span> <span class='ocrx_word' id='word_1_114' title='bbox 571 1105 647 1169; x_wconf 88' lang='grc' dir='ltr'>ὅθεν</span> <span class='ocrx_word' id='word_1_115' title='bbox 671 1104 704 1168; x_wconf 85' lang='lat' dir='ltr'>C.</span> <span class='ocrx_word' id='word_1_116' title='bbox 721 1102 752 1167; x_wconf 87' lang='lat' dir='ltr'>V</span> <span class='ocrx_word' id='word_1_117' title='bbox 770 1107 797 1187; x_wconf 87' lang='lat'>1,</span> <span class='ocrx_word' id='word_1_118' title='bbox 816 1107 845 1168; x_wconf 86' lang='lat'>5.</span> 
     </span>
    </p>
   </div>
   <div class='ocr_carea' id='block_1_3' title="bbox 378 1283 893 1367">
    <p class='ocr_par' dir='ltr' id='par_1_3' title="bbox 378 1283 893 1367">
     <span class='ocr_line' id='line_1_11' title="bbox 378 1283 893 1367; baseline 0 -19"><span class='ocrx_word' id='word_1_119' title='bbox 378 1287 407 1366; x_wconf 90' lang='grc' dir='ltr'>ο)</span> <span class='ocrx_word' id='word_1_120' title='bbox 430 1285 499 1347; x_wconf 86' lang='lat' dir='ltr'>Vor</span> <span class='ocrx_word' id='word_1_121' title='bbox 522 1283 893 1367; x_wconf 67' lang='lat' dir='ltr'><strong>Konjunktionalsiitzen.</strong></span> 
     </span>
    </p>
   </div>
   <div class='ocr_carea' id='block_1_4' title="bbox 61 1415 1247 4072">
    <p class='ocr_par' dir='ltr' id='par_1_4' title="bbox 70 1415 1199 1704">
     <span class='ocr_line' id='line_1_12' title="bbox 158 1415 1199 1497; baseline 0 -18"><span class='ocrx_word' id='word_1_122' title='bbox 158 1418 229 1479; x_wconf 87' lang='lat' dir='ltr'>Vor</span> <span class='ocrx_word' id='word_1_123' title='bbox 259 1416 339 1479; x_wconf 78' lang='grc' dir='ltr'>ἐάνε</span> <span class='ocrx_word' id='word_1_124' title='bbox 371 1417 471 1481; x_wconf 84' lang='grc' dir='ltr'>τὰδὲ</span> <span class='ocrx_word' id='word_1_125' title='bbox 499 1417 704 1497; x_wconf 87' lang='grc' dir='ltr'>φυτευτήρια,</span> <span class='ocrx_word' id='word_1_126' title='bbox 728 1415 785 1478; x_wconf 82' lang='grc' dir='ltr'>ἐάν</span> <span class='ocrx_word' id='word_1_127' title='bbox 813 1415 941 1495; x_wconf 81' lang='lat'><strong>115‚3;</strong></span> <span class='ocrx_word' id='word_1_128' title='bbox 966 1416 984 1493; x_wconf 86' lang='grc' dir='ltr'>ἡ</span> <span class='ocrx_word' id='word_1_129' title='bbox 1008 1417 1199 1495; x_wconf 87' lang='grc' dir='ltr'>παλαιοτάτη</span> 
     </span>
     <span class='ocr_line' id='line_1_13' title="bbox 71 1518 1198 1601; baseline -0.001 -19"><span class='ocrx_word' id='word_1_130' title='bbox 71 1522 220 1601; x_wconf 70' lang='grc' dir='ltr'>κρατίστη,</span> <span class='ocrx_word' id='word_1_131' title='bbox 240 1520 295 1583; x_wconf 87' lang='grc' dir='ltr'>ἐάν</span> <span class='ocrx_word' id='word_1_132' title='bbox 314 1520 345 1580; x_wconf 92' lang='lat' dir='ltr'>V</span> <span class='ocrx_word' id='word_1_133' title='bbox 358 1521 387 1600; x_wconf 94' lang='grc'>7,</span> <span class='ocrx_word' id='word_1_134' title='bbox 404 1521 439 1595; x_wconf 84' lang='grc'>4;</span> <span class='ocrx_word' id='word_1_135' title='bbox 458 1521 495 1583; x_wconf 88' lang='grc' dir='ltr'>τὸ</span> <span class='ocrx_word' id='word_1_136' title='bbox 512 1521 571 1582; x_wconf 84' lang='grc' dir='ltr'>τοῦ</span> <span class='ocrx_word' id='word_1_137' title='bbox 589 1518 702 1599; x_wconf 86' lang='grc' dir='ltr'>εικύου,</span> <span class='ocrx_word' id='word_1_138' title='bbox 723 1519 779 1581; x_wconf 87' lang='grc' dir='ltr'>ἐὰν</span> <span class='ocrx_word' id='word_1_139' title='bbox 796 1554 838 1562; x_wconf 94' lang='grc'>-</span> <span class='ocrx_word' id='word_1_140' title='bbox 859 1518 1098 1594; x_wconf 56' lang='grc' dir='ltr'>επείρωεινλῖΠ</span> <span class='ocrx_word' id='word_1_141' title='bbox 1114 1521 1143 1601; x_wconf 88' lang='grc'>3,</span> <span class='ocrx_word' id='word_1_142' title='bbox 1164 1521 1198 1597; x_wconf 87' lang='grc'>5;</span> 
     </span>
     <span class='ocr_line' id='line_1_14' title="bbox 70 1620 1199 1704; baseline -0.002 -17"><span class='ocrx_word' id='word_1_143' title='bbox 70 1624 236 1704; x_wconf 87' lang='grc' dir='ltr'>φθείρεται,</span> <span class='ocrx_word' id='word_1_144' title='bbox 261 1623 317 1686; x_wconf 85' lang='grc' dir='ltr'>ἐάν</span> <span class='ocrx_word' id='word_1_145' title='bbox 338 1622 418 1686; x_wconf 92' lang='lat' dir='ltr'>VIII</span> <span class='ocrx_word' id='word_1_146' title='bbox 434 1624 462 1703; x_wconf 88' lang='grc'>8,</span> <span class='ocrx_word' id='word_1_147' title='bbox 482 1623 517 1698; x_wconf 90' lang='grc'>1;</span> <span class='ocrx_word' id='word_1_148' title='bbox 542 1625 644 1699; x_wconf 88' lang='grc' dir='ltr'>δῆλον</span> <span class='ocrx_word' id='word_1_149' title='bbox 667 1622 808 1702; x_wconf 90' lang='grc' dir='ltr'>γίγνεται,</span> <span class='ocrx_word' id='word_1_150' title='bbox 832 1621 888 1684; x_wconf 83' lang='grc' dir='ltr'>ἐάν</span> <span class='ocrx_word' id='word_1_151' title='bbox 911 1641 955 1685; x_wconf 81' lang='grc' dir='ltr'>τι(</span> <span class='ocrx_word' id='word_1_152' title='bbox 980 1620 1141 1703; x_wconf 76' lang='lat' dir='ltr'>O.V110‚</span> <span class='ocrx_word' id='word_1_153' title='bbox 1162 1624 1199 1701; x_wconf 82' lang='grc'>6;</span> 
     </span>
    </p>

    <p class='ocr_par' dir='ltr' id='par_1_5' title="bbox 63 1722 1199 2220">
     <span class='ocr_line' id='line_1_15' title="bbox 157 1722 1199 1806; baseline 0.002 -20"><span class='ocrx_word' id='word_1_154' title='bbox 157 1746 217 1788; x_wconf 86' lang='grc' dir='ltr'>νοτ</span> <span class='ocrx_word' id='word_1_155' title='bbox 236 1725 282 1789; x_wconf 76' lang='grc' dir='ltr'>εῖτ</span> <span class='ocrx_word' id='word_1_156' title='bbox 304 1728 436 1802; x_wconf 88' lang='grc' dir='ltr'>γίγνεται</span> <span class='ocrx_word' id='word_1_157' title='bbox 454 1725 488 1788; x_wconf 88' lang='grc' dir='ltr'>ἐν</span> <span class='ocrx_word' id='word_1_158' title='bbox 504 1730 549 1806; x_wconf 85' lang='grc' dir='ltr'>τῷ</span> <span class='ocrx_word' id='word_1_159' title='bbox 570 1725 734 1806; x_wconf 84' lang='grc' dir='ltr'>ευκαμίνῳ,</span> <span class='ocrx_word' id='word_1_160' title='bbox 752 1723 776 1787; x_wconf 85' lang='grc' dir='ltr'>εί</span> <span class='ocrx_word' id='word_1_161' title='bbox 794 1725 833 1801; x_wconf 91' lang='grc' dir='ltr'>μή</span> <span class='ocrx_word' id='word_1_162' title='bbox 852 1723 870 1786; x_wconf 92' lang='lat'>6</span> <span class='ocrx_word' id='word_1_163' title='bbox 889 1722 967 1800; x_wconf 86' lang='grc' dir='ltr'>ῥοῦε</span> <span class='ocrx_word' id='word_1_164' title='bbox 985 1723 1136 1801; x_wconf 82' lang='grc' dir='ltr'>ἐξέφερεν</span> <span class='ocrx_word' id='word_1_165' title='bbox 1152 1725 1199 1788; x_wconf 91' lang='grc' dir='ltr'><em>Ν</em></span> 
     </span>
     <span class='ocr_line' id='line_1_16' title="bbox 69 1826 1198 1910; baseline -0.001 -19"><span class='ocrx_word' id='word_1_166' title='bbox 69 1830 94 1910; x_wconf 87' lang='grc'>8,</span> <span class='ocrx_word' id='word_1_167' title='bbox 109 1831 146 1904; x_wconf 85' lang='grc'>7;</span> <span class='ocrx_word' id='word_1_168' title='bbox 164 1826 224 1907; x_wconf 82' lang='grc' dir='ltr'>οὐχ</span> <span class='ocrx_word' id='word_1_169' title='bbox 240 1831 346 1906; x_wconf 85' lang='grc' dir='ltr'>ἥκιετα</span> <span class='ocrx_word' id='word_1_170' title='bbox 362 1827 391 1890; x_wconf 82' lang='lat'>6&#39;</span> <span class='ocrx_word' id='word_1_171' title='bbox 403 1829 519 1908; x_wconf 84' lang='grc' dir='ltr'>οἰκεῖαι,</span> <span class='ocrx_word' id='word_1_172' title='bbox 537 1826 564 1889; x_wconf 90' lang='grc' dir='ltr'>εί</span> <span class='ocrx_word' id='word_1_173' title='bbox 573 1846 617 1890; x_wconf 82' lang='grc' dir='ltr'>τι(</span> <span class='ocrx_word' id='word_1_174' title='bbox 630 1828 786 1904; x_wconf 86' lang='grc' dir='ltr'>λαμβάνοι</span> <span class='ocrx_word' id='word_1_175' title='bbox 798 1827 854 1890; x_wconf 79' lang='grc' dir='ltr'>τὰ(</span> <span class='ocrx_word' id='word_1_176' title='bbox 866 1828 1013 1890; x_wconf 72' lang='grc' dir='ltr'>τοιαύτας</span> <span class='ocrx_word' id='word_1_177' title='bbox 1026 1826 1107 1889; x_wconf 87' lang='lat' dir='ltr'>VIII</span> <span class='ocrx_word' id='word_1_178' title='bbox 1119 1829 1149 1909; x_wconf 89' lang='grc'>4,</span> <span class='ocrx_word' id='word_1_179' title='bbox 1163 1830 1198 1906; x_wconf 87' lang='grc'>3;</span> 
     </span>
     <span class='ocr_line' id='line_1_17' title="bbox 65 1928 1197 2012; baseline -0.002 -18"><span class='ocrx_word' id='word_1_180' title='bbox 65 1932 135 1996; x_wconf 81' lang='grc' dir='ltr'>οὐδ’</span> <span class='ocrx_word' id='word_1_181' title='bbox 153 1931 219 2007; x_wconf 86' lang='grc' dir='ltr'>ἅμα</span> <span class='ocrx_word' id='word_1_182' title='bbox 235 1933 386 1995; x_wconf 87' lang='grc' dir='ltr'>κυῖεκεται</span> <span class='ocrx_word' id='word_1_183' title='bbox 403 1931 427 1995; x_wconf 81' lang='grc' dir='ltr'>εί</span> <span class='ocrx_word' id='word_1_184' title='bbox 448 1931 488 2008; x_wconf 88' lang='grc' dir='ltr'>μή</span> <span class='ocrx_word' id='word_1_185' title='bbox 507 1930 540 1993; x_wconf 82' lang='lat' dir='ltr'>C.</span> <span class='ocrx_word' id='word_1_186' title='bbox 553 1930 569 1993; x_wconf 93' lang='lat' dir='ltr'>I</span> <span class='ocrx_word' id='word_1_187' title='bbox 584 1931 634 2011; x_wconf 86' lang='lat'>11,</span> <span class='ocrx_word' id='word_1_188' title='bbox 648 1931 682 2007; x_wconf 79' lang='lat'>23</span> <span class='ocrx_word' id='word_1_189' title='bbox 698 1933 892 1994; x_wconf 83' lang='grc' dir='ltr'>τελειοῡεθαι</span> <span class='ocrx_word' id='word_1_190' title='bbox 908 1928 995 2007; x_wconf 87' lang='grc' dir='ltr'>εἴπερ</span> <span class='ocrx_word' id='word_1_191' title='bbox 1014 1929 1048 1992; x_wconf 83' lang='grc'>9.</span> <span class='ocrx_word' id='word_1_192' title='bbox 1059 1929 1107 1992; x_wconf 91' lang='grc' dir='ltr'><em>Ν</em></span> <span class='ocrx_word' id='word_1_193' title='bbox 1120 1933 1149 2012; x_wconf 89' lang='grc'>8,</span> <span class='ocrx_word' id='word_1_194' title='bbox 1162 1933 1197 2007; x_wconf 89' lang='grc'>4;</span> 
     </span>
     <span class='ocr_line' id='line_1_18' title="bbox 64 2032 1198 2113; baseline 0 -16"><span class='ocrx_word' id='word_1_195' title='bbox 64 2035 164 2099; x_wconf 77' lang='grc' dir='ltr'>αὐτὸ(</span> <span class='ocrx_word' id='word_1_196' title='bbox 182 2034 281 2106; x_wconf 78' lang='grc' dir='ltr'>αὑτὸν</span> <span class='ocrx_word' id='word_1_197' title='bbox 297 2034 449 2113; x_wconf 77' lang='grc' dir='ltr'>ἐκτρέφει,</span> <span class='ocrx_word' id='word_1_198' title='bbox 466 2034 491 2096; x_wconf 87' lang='grc' dir='ltr'>εἰ</span> <span class='ocrx_word' id='word_1_199' title='bbox 508 2036 547 2111; x_wconf 91' lang='grc' dir='ltr'>μή</span> <span class='ocrx_word' id='word_1_200' title='bbox 564 2034 648 2110; x_wconf 90' lang='grc' dir='ltr'>καὶὴ</span> <span class='ocrx_word' id='word_1_201' title='bbox 666 2032 747 2111; x_wconf 87' lang='grc' dir='ltr'>ἅλμη</span> <span class='ocrx_word' id='word_1_202' title='bbox 765 2033 969 2110; x_wconf 86' lang='grc' dir='ltr'>ευμβάλλεται</span> <span class='ocrx_word' id='word_1_203' title='bbox 987 2036 1017 2112; x_wconf 89' lang='grc'>8,</span> <span class='ocrx_word' id='word_1_204' title='bbox 1031 2034 1065 2110; x_wconf 89' lang='grc'>4;</span> <span class='ocrx_word' id='word_1_205' title='bbox 1082 2053 1198 2113; x_wconf 88' lang='grc' dir='ltr'>παρεγ-</span> 
     </span>
     <span class='ocr_line' id='line_1_19' title="bbox 63 2135 783 2220; baseline 0.001 -21"><span class='ocrx_word' id='word_1_206' title='bbox 63 2138 122 2211; x_wconf 84' lang='grc' dir='ltr'>γύε</span> <span class='ocrx_word' id='word_1_207' title='bbox 147 2157 218 2200; x_wconf 78' lang='grc' dir='ltr'>πω(</span> <span class='ocrx_word' id='word_1_208' title='bbox 240 2137 352 2220; x_wconf 81' lang='grc' dir='ltr'>τούτῳ,</span> <span class='ocrx_word' id='word_1_209' title='bbox 377 2138 402 2200; x_wconf 82' lang='grc' dir='ltr'>εἰ</span> <span class='ocrx_word' id='word_1_210' title='bbox 426 2135 458 2200; x_wconf 89' lang='lat' dir='ltr'>C.</span> <span class='ocrx_word' id='word_1_211' title='bbox 477 2136 523 2199; x_wconf 88' lang='lat' dir='ltr'>VI</span> <span class='ocrx_word' id='word_1_212' title='bbox 541 2139 591 2214; x_wconf 85' lang='grc'>17,</span> <span class='ocrx_word' id='word_1_213' title='bbox 608 2139 645 2215; x_wconf 73' lang='grc'>9,</span> <span class='ocrx_word' id='word_1_214' title='bbox 782 2146 783 2149; x_wconf 76' lang='grc'>’</span> 
     </span>
    </p>

    <p class='ocr_par' dir='ltr' id='par_1_6' title="bbox 61 2239 1198 2939">
     <span class='ocr_line' id='line_1_20' title="bbox 157 2239 1198 2323; baseline 0.005 -24"><span class='ocrx_word' id='word_1_215' title='bbox 157 2258 215 2301; x_wconf 84' lang='grc' dir='ltr'>νοτ</span> <span class='ocrx_word' id='word_1_216' title='bbox 239 2239 345 2302; x_wconf 85' lang='grc' dir='ltr'>ὅταν;</span> <span class='ocrx_word' id='word_1_217' title='bbox 370 2241 529 2315; x_wconf 88' lang='grc' dir='ltr'>γίγνονται</span> <span class='ocrx_word' id='word_1_218' title='bbox 549 2239 625 2303; x_wconf 88' lang='grc' dir='ltr'>ὅταν</span> <span class='ocrx_word' id='word_1_219' title='bbox 649 2239 665 2302; x_wconf 91' lang='lat' dir='ltr'>I</span> <span class='ocrx_word' id='word_1_220' title='bbox 683 2241 711 2321; x_wconf 95' lang='grc'>9,</span> <span class='ocrx_word' id='word_1_221' title='bbox 728 2240 763 2315; x_wconf 90' lang='grc'>4;</span> <span class='ocrx_word' id='word_1_222' title='bbox 789 2240 962 2322; x_wconf 80' lang='grc' dir='ltr'>μελαντέρα</span> <span class='ocrx_word' id='word_1_223' title='bbox 981 2241 1017 2302; x_wconf 83' lang='grc' dir='ltr'>δὲ</span> <span class='ocrx_word' id='word_1_224' title='bbox 1035 2240 1123 2323; x_wconf 87' lang='grc' dir='ltr'>πίττῃ</span> <span class='ocrx_word' id='word_1_225' title='bbox 1148 2244 1198 2304; x_wconf 89' lang='grc' dir='ltr'>καὶ</span> 
     </span>
     <span class='ocr_line' id='line_1_21' title="bbox 62 2341 1196 2426; baseline 0.001 -20"><span class='ocrx_word' id='word_1_226' title='bbox 62 2342 272 2424; x_wconf 80' lang='grc' dir='ltr'>εὐωοέετερᾳ,</span> <span class='ocrx_word' id='word_1_227' title='bbox 301 2341 380 2406; x_wconf 85' lang='grc' dir='ltr'>ὅταν</span> <span class='ocrx_word' id='word_1_228' title='bbox 408 2345 426 2426; x_wconf 74' lang='grc' dir='ltr'>ᾖ</span> <span class='ocrx_word' id='word_1_229' title='bbox 451 2344 520 2421; x_wconf 84' lang='grc' dir='ltr'>ώμή</span> <span class='ocrx_word' id='word_1_230' title='bbox 544 2342 593 2405; x_wconf 93' lang='lat' dir='ltr'>III</span> <span class='ocrx_word' id='word_1_231' title='bbox 611 2344 640 2422; x_wconf 85' lang='lat'>9,</span> <span class='ocrx_word' id='word_1_232' title='bbox 658 2343 694 2418; x_wconf 77' lang='lat'>23</span> <span class='ocrx_word' id='word_1_233' title='bbox 720 2343 770 2405; x_wconf 84' lang='grc' dir='ltr'>διὰ</span> <span class='ocrx_word' id='word_1_234' title='bbox 794 2342 854 2419; x_wconf 85' lang='grc' dir='ltr'>γὰρ</span> <span class='ocrx_word' id='word_1_235' title='bbox 878 2344 915 2406; x_wconf 90' lang='grc' dir='ltr'>τὸ</span> <span class='ocrx_word' id='word_1_236' title='bbox 941 2342 1196 2425; x_wconf 83' lang='grc' dir='ltr'>ἀποεβέννυεθαι,</span> 
     </span>
     <span class='ocr_line' id='line_1_22' title="bbox 62 2445 1196 2528; baseline 0.003 -20"><span class='ocrx_word' id='word_1_237' title='bbox 62 2445 144 2509; x_wconf 85' lang='grc' dir='ltr'>ὅταν</span> <span class='ocrx_word' id='word_1_238' title='bbox 160 2446 312 2524; x_wconf 83' lang='grc' dir='ltr'>παύεηται</span> <span class='ocrx_word' id='word_1_239' title='bbox 329 2450 516 2525; x_wconf 82' lang='grc' dir='ltr'>φυεώμενοε</span> <span class='ocrx_word' id='word_1_240' title='bbox 533 2446 625 2528; x_wconf 85' lang='grc'>1118,</span> <span class='ocrx_word' id='word_1_241' title='bbox 639 2450 668 2524; x_wconf 90' lang='grc'>7;</span> <span class='ocrx_word' id='word_1_242' title='bbox 685 2448 703 2524; x_wconf 88' lang='grc' dir='ltr'>ἡ</span> <span class='ocrx_word' id='word_1_243' title='bbox 722 2447 750 2510; x_wconf 85' lang='grc' dir='ltr'>δ’</span> <span class='ocrx_word' id='word_1_244' title='bbox 764 2446 821 2523; x_wconf 85' lang='grc' dir='ltr'>ἀφ’</span> <span class='ocrx_word' id='word_1_245' title='bbox 833 2447 941 2527; x_wconf 87' lang='grc' dir='ltr'>αὑτοῦ,</span> <span class='ocrx_word' id='word_1_246' title='bbox 959 2446 1036 2510; x_wconf 87' lang='grc' dir='ltr'>ὅταν</span> <span class='ocrx_word' id='word_1_247' title='bbox 1053 2447 1196 2525; x_wconf 83' lang='grc' dir='ltr'>ἀφελῶει</span> 
     </span>
     <span class='ocr_line' id='line_1_23' title="bbox 61 2548 1196 2632; baseline 0.004 -22"><span class='ocrx_word' id='word_1_248' title='bbox 61 2548 96 2611; x_wconf 90' lang='grc' dir='ltr'>Π</span> <span class='ocrx_word' id='word_1_249' title='bbox 115 2550 144 2628; x_wconf 89' lang='grc'>6,</span> <span class='ocrx_word' id='word_1_250' title='bbox 163 2549 196 2623; x_wconf 86' lang='grc'>2;</span> <span class='ocrx_word' id='word_1_251' title='bbox 220 2549 360 2631; x_wconf 87' lang='grc' dir='ltr'>γίγνεται,</span> <span class='ocrx_word' id='word_1_252' title='bbox 379 2549 458 2613; x_wconf 87' lang='grc' dir='ltr'>ὅταν</span> <span class='ocrx_word' id='word_1_253' title='bbox 473 2549 521 2612; x_wconf 92' lang='grc' dir='ltr'><em>Ν</em></span> <span class='ocrx_word' id='word_1_254' title='bbox 539 2551 591 2632; x_wconf 89' lang='grc'>14,</span> <span class='ocrx_word' id='word_1_255' title='bbox 610 2552 644 2626; x_wconf 87' lang='grc'>5;</span> <span class='ocrx_word' id='word_1_256' title='bbox 662 2550 680 2612; x_wconf 88' lang='grc' dir='ltr'><strong><em>ὃ</em></strong></span> <span class='ocrx_word' id='word_1_257' title='bbox 701 2551 831 2613; x_wconf 88' lang='grc' dir='ltr'>καλοῦεί</span> <span class='ocrx_word' id='word_1_258' title='bbox 849 2570 930 2613; x_wconf 78' lang='grc' dir='ltr'>τινε(</span> <span class='ocrx_word' id='word_1_259' title='bbox 951 2549 1100 2630; x_wconf 85' lang='grc' dir='ltr'>ψίνεεθαι,</span> <span class='ocrx_word' id='word_1_260' title='bbox 1118 2549 1196 2614; x_wconf 88' lang='grc' dir='ltr'>ὅταν</span> 
     </span>
     <span class='ocr_line' id='line_1_24' title="bbox 64 2651 1195 2734; baseline 0.001 -19"><span class='ocrx_word' id='word_1_261' title='bbox 64 2654 117 2729; x_wconf 89' lang='grc'>14,</span> <span class='ocrx_word' id='word_1_262' title='bbox 134 2653 169 2727; x_wconf 89' lang='grc'>6;</span> <span class='ocrx_word' id='word_1_263' title='bbox 185 2655 244 2715; x_wconf 84' lang='grc' dir='ltr'>τοῦ</span> <span class='ocrx_word' id='word_1_264' title='bbox 264 2655 321 2728; x_wconf 86' lang='grc' dir='ltr'>μὲν</span> <span class='ocrx_word' id='word_1_265' title='bbox 338 2652 507 2734; x_wconf 86' lang='grc' dir='ltr'>εκορόδου,</span> <span class='ocrx_word' id='word_1_266' title='bbox 528 2652 605 2716; x_wconf 87' lang='grc' dir='ltr'>ὅταν</span> <span class='ocrx_word' id='word_1_267' title='bbox 618 2651 683 2714; x_wconf 91' lang='lat' dir='ltr'>VII</span> <span class='ocrx_word' id='word_1_268' title='bbox 695 2654 725 2732; x_wconf 94' lang='grc'>4,</span> <span class='ocrx_word' id='word_1_269' title='bbox 740 2652 795 2727; x_wconf 88' lang='grc'>12;</span> <span class='ocrx_word' id='word_1_270' title='bbox 813 2652 847 2714; x_wconf 88' lang='grc' dir='ltr'>ἐν</span> <span class='ocrx_word' id='word_1_271' title='bbox 865 2654 921 2729; x_wconf 86' lang='grc' dir='ltr'>μὲν</span> <span class='ocrx_word' id='word_1_272' title='bbox 940 2657 976 2733; x_wconf 86' lang='grc' dir='ltr'>τῇ</span> <span class='ocrx_word' id='word_1_273' title='bbox 993 2652 1099 2733; x_wconf 82' lang='grc' dir='ltr'>πεύκη,</span> <span class='ocrx_word' id='word_1_274' title='bbox 1117 2651 1195 2716; x_wconf 89' lang='grc' dir='ltr'>ὅταν</span> 
     </span>
     <span class='ocr_line' id='line_1_25' title="bbox 62 2753 1195 2837; baseline 0 -19"><span class='ocrx_word' id='word_1_275' title='bbox 62 2754 112 2818; x_wconf 87' lang='lat' dir='ltr'>IX</span> <span class='ocrx_word' id='word_1_276' title='bbox 131 2756 160 2835; x_wconf 90' lang='grc'>2,</span> <span class='ocrx_word' id='word_1_277' title='bbox 179 2756 213 2831; x_wconf 88' lang='grc'>1;</span> <span class='ocrx_word' id='word_1_278' title='bbox 238 2755 272 2818; x_wconf 86' lang='grc' dir='ltr'>ἐν</span> <span class='ocrx_word' id='word_1_279' title='bbox 288 2758 324 2817; x_wconf 84' lang='grc' dir='ltr'>δὲ</span> <span class='ocrx_word' id='word_1_280' title='bbox 339 2761 376 2837; x_wconf 85' lang='grc' dir='ltr'>τῇ</span> <span class='ocrx_word' id='word_1_281' title='bbox 392 2755 481 2835; x_wconf 82' lang='grc' dir='ltr'>πιτίιῑ,</span> <span class='ocrx_word' id='word_1_282' title='bbox 506 2755 585 2819; x_wconf 83' lang='grc' dir='ltr'>ὅταν</span> <span class='ocrx_word' id='word_1_283' title='bbox 600 2754 651 2818; x_wconf 88' lang='lat' dir='ltr'>IX</span> <span class='ocrx_word' id='word_1_284' title='bbox 668 2756 697 2835; x_wconf 83' lang='lat'>2,</span> <span class='ocrx_word' id='word_1_285' title='bbox 717 2757 749 2831; x_wconf 83' lang='lat'>13</span> <span class='ocrx_word' id='word_1_286' title='bbox 775 2753 948 2818; x_wconf 86' lang='grc' dir='ltr'>ἀπόλλυται</span> <span class='ocrx_word' id='word_1_287' title='bbox 965 2755 1014 2817; x_wconf 89' lang='grc' dir='ltr'>καὶ</span> <span class='ocrx_word' id='word_1_288' title='bbox 1029 2755 1129 2833; x_wconf 87' lang='grc' dir='ltr'>πυρὸε</span> <span class='ocrx_word' id='word_1_289' title='bbox 1146 2757 1195 2818; x_wconf 86' lang='grc' dir='ltr'>καὶ</span> 
     </span>
     <span class='ocr_line' id='line_1_26' title="bbox 63 2857 836 2939; baseline -0.005 -18"><span class='ocrx_word' id='word_1_290' title='bbox 63 2863 164 2938; x_wconf 88' lang='grc' dir='ltr'>κριθή,</span> <span class='ocrx_word' id='word_1_291' title='bbox 189 2857 266 2922; x_wconf 82' lang='grc' dir='ltr'>ὅταν</span> <span class='ocrx_word' id='word_1_292' title='bbox 283 2857 363 2920; x_wconf 88' lang='lat' dir='ltr'>VIII</span> <span class='ocrx_word' id='word_1_293' title='bbox 381 2859 432 2939; x_wconf 90' lang='grc'>10,</span> <span class='ocrx_word' id='word_1_294' title='bbox 449 2861 484 2935; x_wconf 82' lang='grc'>3;</span> <span class='ocrx_word' id='word_1_295' title='bbox 509 2860 528 2936; x_wconf 89' lang='grc' dir='ltr'>ἢ</span> <span class='ocrx_word' id='word_1_296' title='bbox 553 2858 630 2922; x_wconf 87' lang='grc' dir='ltr'>ὅταν</span> <span class='ocrx_word' id='word_1_297' title='bbox 654 2857 686 2921; x_wconf 87' lang='lat' dir='ltr'>C.</span> <span class='ocrx_word' id='word_1_298' title='bbox 704 2857 736 2920; x_wconf 90' lang='grc' dir='ltr'>Π</span> <span class='ocrx_word' id='word_1_299' title='bbox 754 2859 783 2936; x_wconf 88' lang='grc'>7,</span> <span class='ocrx_word' id='word_1_300' title='bbox 800 2859 836 2934; x_wconf 81' lang='grc'>5;</span> 
     </span>
    </p>

    <p class='ocr_par' dir='ltr' id='par_1_7' title="bbox 62 2959 1195 3350">
     <span class='ocr_line' id='line_1_27' title="bbox 154 2959 1194 3041; baseline 0.001 -19"><span class='ocrx_word' id='word_1_301' title='bbox 154 2980 212 3023; x_wconf 84' lang='lat' dir='ltr'>vor</span> <span class='ocrx_word' id='word_1_302' title='bbox 236 2961 307 3023; x_wconf 70' lang='grc' dir='ltr'>ὅτις</span> <span class='ocrx_word' id='word_1_303' title='bbox 334 2962 466 3038; x_wconf 85' lang='grc' dir='ltr'>βελτίων</span> <span class='ocrx_word' id='word_1_304' title='bbox 490 2964 526 3025; x_wconf 84' lang='grc' dir='ltr'>δὲ</span> <span class='ocrx_word' id='word_1_305' title='bbox 548 2964 607 3024; x_wconf 80' lang='grc' dir='ltr'>τοῦ</span> <span class='ocrx_word' id='word_1_306' title='bbox 629 2963 762 3041; x_wconf 82' lang='grc' dir='ltr'>φελλοῦ,</span> <span class='ocrx_word' id='word_1_307' title='bbox 787 2959 834 3023; x_wconf 88' lang='grc' dir='ltr'>ὅτι</span> <span class='ocrx_word' id='word_1_308' title='bbox 850 2959 993 3038; x_wconf 84' lang='grc' dir='ltr'>γλιεχρόε</span> <span class='ocrx_word' id='word_1_309' title='bbox 1009 2960 1041 3021; x_wconf 87' lang='lat' dir='ltr'>V</span> <span class='ocrx_word' id='word_1_310' title='bbox 1058 2963 1086 3041; x_wconf 84' lang='lat'>3,</span> <span class='ocrx_word' id='word_1_311' title='bbox 1105 2961 1139 3036; x_wconf 89' lang='grc'>6;</span> <span class='ocrx_word' id='word_1_312' title='bbox 1165 2960 1194 3023; x_wconf 84' lang='grc' dir='ltr'>οἱ</span> 
     </span>
     <span class='ocr_line' id='line_1_28' title="bbox 64 3061 1192 3144; baseline -0.003 -17"><span class='ocrx_word' id='word_1_313' title='bbox 64 3066 100 3127; x_wconf 85' lang='grc' dir='ltr'>δὲ</span> <span class='ocrx_word' id='word_1_314' title='bbox 128 3068 184 3140; x_wconf 89' lang='grc' dir='ltr'>τῆε</span> <span class='ocrx_word' id='word_1_315' title='bbox 212 3067 307 3140; x_wconf 86' lang='grc' dir='ltr'>ευκῆε</span> <span class='ocrx_word' id='word_1_316' title='bbox 336 3062 519 3144; x_wconf 89' lang='grc' dir='ltr'>ὀψιαίτεροι,</span> <span class='ocrx_word' id='word_1_317' title='bbox 552 3064 598 3127; x_wconf 88' lang='grc' dir='ltr'>ὅτι</span> <span class='ocrx_word' id='word_1_318' title='bbox 623 3062 655 3126; x_wconf 82' lang='grc'>9.</span> <span class='ocrx_word' id='word_1_319' title='bbox 673 3063 688 3126; x_wconf 95' lang='grc' dir='ltr'><strong>Ι</strong></span> <span class='ocrx_word' id='word_1_320' title='bbox 707 3065 757 3143; x_wconf 92' lang='grc'>17,</span> <span class='ocrx_word' id='word_1_321' title='bbox 775 3065 811 3139; x_wconf 90' lang='grc'>3;</span> <span class='ocrx_word' id='word_1_322' title='bbox 837 3063 881 3126; x_wconf 86' lang='grc' dir='ltr'>ὼε</span> <span class='ocrx_word' id='word_1_323' title='bbox 907 3061 936 3124; x_wconf 80' lang='grc' dir='ltr'>δ’</span> <span class='ocrx_word' id='word_1_324' title='bbox 953 3063 1109 3140; x_wconf 83' lang='grc' dir='ltr'>ἐγγυτέρω</span> <span class='ocrx_word' id='word_1_325' title='bbox 1138 3063 1192 3143; x_wconf 80' lang='lat' dir='ltr'><strong>(sc.</strong></span> 
     </span>
     <span class='ocr_line' id='line_1_29' title="bbox 66 3163 1195 3245; baseline 0.001 -17"><span class='ocrx_word' id='word_1_326' title='bbox 66 3165 179 3245; x_wconf 85' lang='grc' dir='ltr'>εἰπεῖν),</span> <span class='ocrx_word' id='word_1_327' title='bbox 204 3165 251 3228; x_wconf 90' lang='grc' dir='ltr'>ὅτι</span> <span class='ocrx_word' id='word_1_328' title='bbox 273 3166 378 3230; x_wconf 86' lang='grc' dir='ltr'>πάντα</span> <span class='ocrx_word' id='word_1_329' title='bbox 400 3167 439 3229; x_wconf 89' lang='grc' dir='ltr'>τὰ</span> <span class='ocrx_word' id='word_1_330' title='bbox 458 3169 588 3230; x_wconf 84' lang='grc' dir='ltr'>τοιαῦτα</span> <span class='ocrx_word' id='word_1_331' title='bbox 608 3165 837 3244; x_wconf 85' lang='grc' dir='ltr'>εὐβλαετὸτερα</span> <span class='ocrx_word' id='word_1_332' title='bbox 856 3163 889 3228; x_wconf 85' lang='lat' dir='ltr'>O.</span> <span class='ocrx_word' id='word_1_333' title='bbox 906 3164 922 3227; x_wconf 93' lang='grc' dir='ltr'>Ι</span> <span class='ocrx_word' id='word_1_334' title='bbox 941 3165 991 3244; x_wconf 88' lang='grc'>12,</span> <span class='ocrx_word' id='word_1_335' title='bbox 1010 3165 1043 3237; x_wconf 90' lang='grc'>1;</span> <span class='ocrx_word' id='word_1_336' title='bbox 1068 3167 1150 3241; x_wconf 80' lang='grc' dir='ltr'>πλὴν</span> <span class='ocrx_word' id='word_1_337' title='bbox 1168 3165 1195 3229; x_wconf 83' lang='grc' dir='ltr'>εἴ</span> 
     </span>
     <span class='ocr_line' id='line_1_30' title="bbox 62 3267 1191 3350; baseline 0 -20"><span class='ocrx_word' id='word_1_338' title='bbox 62 3289 104 3334; x_wconf 87' lang='grc' dir='ltr'>τιε</span> <span class='ocrx_word' id='word_1_339' title='bbox 121 3271 214 3348; x_wconf 84' lang='grc' dir='ltr'>λέγοι,</span> <span class='ocrx_word' id='word_1_340' title='bbox 231 3268 278 3332; x_wconf 85' lang='grc' dir='ltr'>ὅτι</span> <span class='ocrx_word' id='word_1_341' title='bbox 291 3267 324 3332; x_wconf 87' lang='lat' dir='ltr'>C.</span> <span class='ocrx_word' id='word_1_342' title='bbox 337 3269 383 3331; x_wconf 94' lang='lat' dir='ltr'>IV</span> <span class='ocrx_word' id='word_1_343' title='bbox 394 3270 421 3350; x_wconf 92' lang='grc'>6,</span> <span class='ocrx_word' id='word_1_344' title='bbox 439 3272 469 3347; x_wconf 91' lang='grc'>7;</span> <span class='ocrx_word' id='word_1_345' title='bbox 487 3271 505 3333; x_wconf 87' lang='grc' dir='ltr'>ὃ</span> <span class='ocrx_word' id='word_1_346' title='bbox 523 3272 558 3333; x_wconf 82' lang='grc' dir='ltr'>δὲ</span> <span class='ocrx_word' id='word_1_347' title='bbox 572 3271 715 3344; x_wconf 90' lang='grc' dir='ltr'>λέγουειν</span> <span class='ocrx_word' id='word_1_348' title='bbox 729 3269 758 3330; x_wconf 89' lang='grc' dir='ltr'>οἱ</span> <span class='ocrx_word' id='word_1_349' title='bbox 768 3269 893 3348; x_wconf 89' lang='grc' dir='ltr'>πολλοί,</span> <span class='ocrx_word' id='word_1_350' title='bbox 908 3267 955 3331; x_wconf 90' lang='grc' dir='ltr'>ὅτι</span> <span class='ocrx_word' id='word_1_351' title='bbox 971 3267 1059 3330; x_wconf 78' lang='lat' dir='ltr'>CIV</span> <span class='ocrx_word' id='word_1_352' title='bbox 1071 3269 1120 3349; x_wconf 84' lang='lat'>12,</span> <span class='ocrx_word' id='word_1_353' title='bbox 1135 3269 1191 3344; x_wconf 89' lang='grc'>13;</span> 
     </span>
    </p>

    <p class='ocr_par' dir='ltr' id='par_1_8' title="bbox 151 3370 1247 3455">
     <span class='ocr_line' id='line_1_31' title="bbox 151 3370 1247 3455; baseline -0.001 -23"><span class='ocrx_word' id='word_1_354' title='bbox 151 3391 209 3435; x_wconf 80' lang='grc' dir='ltr'>τοι</span> <span class='ocrx_word' id='word_1_355' title='bbox 232 3372 349 3436; x_wconf 83' lang='grc' dir='ltr'>ὅπωε;</span> <span class='ocrx_word' id='word_1_356' title='bbox 374 3376 464 3455; x_wconf 88' lang='grc' dir='ltr'>πηλῷ</span> <span class='ocrx_word' id='word_1_357' title='bbox 487 3372 716 3454; x_wconf 87' lang='grc' dir='ltr'>τετριχωμένῳ,</span> <span class='ocrx_word' id='word_1_358' title='bbox 741 3371 829 3435; x_wconf 87' lang='grc' dir='ltr'>ὅπωε</span> <span class='ocrx_word' id='word_1_359' title='bbox 855 3370 887 3433; x_wconf 86' lang='lat' dir='ltr'>C.</span> <span class='ocrx_word' id='word_1_360' title='bbox 904 3370 920 3432; x_wconf 95' lang='lat' dir='ltr'>I</span> <span class='ocrx_word' id='word_1_361' title='bbox 938 3371 965 3450; x_wconf 95' lang='grc'>6,</span> <span class='ocrx_word' id='word_1_362' title='bbox 988 3374 1023 3449; x_wconf 73' lang='grc'>7,</span> <span class='ocrx_word' id='word_1_363' title='bbox 1246 3378 1247 3382; x_wconf 77' lang='grc'>’</span> 
     </span>
    </p>

    <p class='ocr_par' dir='ltr' id='par_1_9' title="bbox 64 3472 1191 3661">
     <span class='ocr_line' id='line_1_32' title="bbox 150 3472 1191 3555; baseline 0.001 -19"><span class='ocrx_word' id='word_1_364' title='bbox 150 3495 209 3538; x_wconf 82' lang='grc' dir='ltr'>νοτ</span> <span class='ocrx_word' id='word_1_365' title='bbox 232 3476 298 3539; x_wconf 76' lang='grc' dir='ltr'>ὼεε</span> <span class='ocrx_word' id='word_1_366' title='bbox 324 3475 363 3539; x_wconf 86' lang='grc' dir='ltr'>δι’</span> <span class='ocrx_word' id='word_1_367' title='bbox 388 3476 559 3554; x_wconf 88' lang='grc' dir='ltr'>εὐτροφίαν</span> <span class='ocrx_word' id='word_1_368' title='bbox 583 3479 641 3538; x_wconf 84' lang='grc' dir='ltr'>τοῦ</span> <span class='ocrx_word' id='word_1_369' title='bbox 666 3476 817 3555; x_wconf 85' lang='grc' dir='ltr'>δένδρου,</span> <span class='ocrx_word' id='word_1_370' title='bbox 843 3476 887 3538; x_wconf 85' lang='grc' dir='ltr'>ὼε</span> <span class='ocrx_word' id='word_1_371' title='bbox 911 3472 950 3536; x_wconf 78' lang='grc' dir='ltr'>ἂν</span> <span class='ocrx_word' id='word_1_372' title='bbox 973 3494 1017 3537; x_wconf 88' lang='grc' dir='ltr'>τιε</span> <span class='ocrx_word' id='word_1_373' title='bbox 1043 3472 1191 3538; x_wconf 83' lang='grc' dir='ltr'>εἰκάεειεν</span> 
     </span>
     <span class='ocr_line' id='line_1_33' title="bbox 64 3577 214 3661; baseline -0.013 -19"><span class='ocrx_word' id='word_1_374' title='bbox 64 3577 110 3642; x_wconf 91' lang='grc' dir='ltr'>ΠΙ</span> <span class='ocrx_word' id='word_1_375' title='bbox 127 3582 157 3661; x_wconf 90' lang='grc'>9,</span> <span class='ocrx_word' id='word_1_376' title='bbox 177 3582 214 3659; x_wconf 86' lang='grc'>5;</span> 
     </span>
    </p>

    <p class='ocr_par' dir='ltr' id='par_1_10' title="bbox 63 3680 1190 3866">
     <span class='ocr_line' id='line_1_34' title="bbox 149 3680 1190 3764; baseline 0.002 -21"><span class='ocrx_word' id='word_1_377' title='bbox 149 3701 208 3744; x_wconf 81' lang='grc' dir='ltr'>τοι</span> <span class='ocrx_word' id='word_1_378' title='bbox 231 3682 372 3760; x_wconf 87' lang='grc' dir='ltr'>ὥεπερ;</span> <span class='ocrx_word' id='word_1_379' title='bbox 397 3684 440 3746; x_wconf 87' lang='grc' dir='ltr'>εἰε</span> <span class='ocrx_word' id='word_1_380' title='bbox 464 3684 501 3746; x_wconf 89' lang='grc' dir='ltr'>τὸ</span> <span class='ocrx_word' id='word_1_381' title='bbox 525 3683 680 3764; x_wconf 88' lang='grc' dir='ltr'>προιέναι,</span> <span class='ocrx_word' id='word_1_382' title='bbox 710 3681 814 3758; x_wconf 85' lang='grc' dir='ltr'>ὥεπερ</span> <span class='ocrx_word' id='word_1_383' title='bbox 838 3680 888 3745; x_wconf 92' lang='grc' dir='ltr'>καὶ</span> <span class='ocrx_word' id='word_1_384' title='bbox 912 3682 961 3744; x_wconf 91' lang='grc' dir='ltr'>ἐπὶ</span> <span class='ocrx_word' id='word_1_385' title='bbox 983 3684 1038 3758; x_wconf 72' lang='grc' dir='ltr'>τῆς</span> <span class='ocrx_word' id='word_1_386' title='bbox 1062 3684 1190 3759; x_wconf 75' lang='grc' dir='ltr'>πρώτη(</span> 
     </span>
     <span class='ocr_line' id='line_1_35' title="bbox 63 3784 535 3866; baseline -0.002 -17"><span class='ocrx_word' id='word_1_387' title='bbox 63 3784 185 3863; x_wconf 78' lang='grc' dir='ltr'>φύτεωε</span> <span class='ocrx_word' id='word_1_388' title='bbox 210 3784 323 3863; x_wconf 80' lang='grc' dir='ltr'>ἐλέχθη</span> <span class='ocrx_word' id='word_1_389' title='bbox 348 3785 414 3848; x_wconf 75' lang='grc' dir='ltr'>11,-Ι</span> <span class='ocrx_word' id='word_1_390' title='bbox 433 3787 481 3866; x_wconf 89' lang='lat'>10,</span> <span class='ocrx_word' id='word_1_391' title='bbox 499 3788 535 3861; x_wconf 81' lang='lat'>33</span> 
     </span>
    </p>

    <p class='ocr_par' dir='ltr' id='par_1_11' title="bbox 63 3887 1189 4072">
     <span class='ocr_line' id='line_1_36' title="bbox 148 3887 1189 3969; baseline 0.002 -20"><span class='ocrx_word' id='word_1_392' title='bbox 148 3907 207 3951; x_wconf 84' lang='lat' dir='ltr'>vor</span> <span class='ocrx_word' id='word_1_393' title='bbox 222 3888 330 3952; x_wconf 77' lang='grc' dir='ltr'>ὥετεε</span> <span class='ocrx_word' id='word_1_394' title='bbox 355 3889 589 3969; x_wconf 83' lang='grc' dir='ltr'>ἀναβλαετάνει,</span> <span class='ocrx_word' id='word_1_395' title='bbox 608 3888 685 3951; x_wconf 85' lang='grc' dir='ltr'>ὥετε</span> <span class='ocrx_word' id='word_1_396' title='bbox 701 3887 748 3950; x_wconf 95' lang='grc' dir='ltr'><em>Ν</em></span> <span class='ocrx_word' id='word_1_397' title='bbox 761 3888 810 3967; x_wconf 91' lang='grc'>14,</span> <span class='ocrx_word' id='word_1_398' title='bbox 826 3888 881 3962; x_wconf 90' lang='grc'>13;</span> <span class='ocrx_word' id='word_1_399' title='bbox 899 3888 1092 3951; x_wconf 84' lang='grc' dir='ltr'>ευνίεταεθαι</span> <span class='ocrx_word' id='word_1_400' title='bbox 1109 3887 1189 3951; x_wconf 85' lang='grc' dir='ltr'>ὥετε</span> 
     </span>
     <span class='ocr_line' id='line_1_37' title="bbox 63 3988 1189 4072; baseline 0 -19"><span class='ocrx_word' id='word_1_401' title='bbox 63 3988 108 4052; x_wconf 96' lang='grc' dir='ltr'><em>Ν</em></span> <span class='ocrx_word' id='word_1_402' title='bbox 125 3992 175 4072; x_wconf 89' lang='grc'>12,</span> <span class='ocrx_word' id='word_1_403' title='bbox 196 3992 232 4066; x_wconf 90' lang='grc'>4;</span> <span class='ocrx_word' id='word_1_404' title='bbox 257 3990 344 4055; x_wconf 82' lang='grc' dir='ltr'>οὓτω</span> <span class='ocrx_word' id='word_1_405' title='bbox 368 3992 571 4055; x_wconf 89' lang='grc' dir='ltr'>πλατύκαυλα</span> <span class='ocrx_word' id='word_1_406' title='bbox 593 3993 764 4072; x_wconf 90' lang='grc' dir='ltr'>γίγνονται,</span> <span class='ocrx_word' id='word_1_407' title='bbox 788 3990 868 4055; x_wconf 84' lang='grc' dir='ltr'>ὥετε</span> <span class='ocrx_word' id='word_1_408' title='bbox 881 3989 929 4052; x_wconf 90' lang='lat' dir='ltr'>VI</span> <span class='ocrx_word' id='word_1_409' title='bbox 945 3990 975 4071; x_wconf 88' lang='grc'>4,</span> <span class='ocrx_word' id='word_1_410' title='bbox 993 3991 1026 4065; x_wconf 85' lang='grc'>5;</span> <span class='ocrx_word' id='word_1_411' title='bbox 1051 3990 1089 4052; x_wconf 87' lang='grc' dir='ltr'>τὰ</span> <span class='ocrx_word' id='word_1_412' title='bbox 1108 3989 1137 4052; x_wconf 86' lang='lat'>6’</span> <span class='ocrx_word' id='word_1_413' title='bbox 1154 3991 1189 4053; x_wconf 86' lang='grc' dir='ltr'>ἐκ</span> 
     </span>
    </p>
   </div>
   <div class='ocr_carea' id='block_1_5' title="bbox 0 0 1474 4792">
    <p class='ocr_par' dir='ltr' id='par_1_12' title="bbox 0 0 1474 4792">
     <span class='ocr_line' id='line_1_38' title="bbox 0 0 1474 4792; baseline 0 1"><span class='ocrx_word' id='word_1_414' title='bbox 0 0 1474 4792; x_wconf 95' lang='lat' dir='ltr'> </span> 
     </span>
    </p>
   </div>
  </div>
 </body>
</html>
