3248 4910
393 395 435 459 10
818 400 853 454 M.
872 401 1098 468 Heincmann,

392 575 571 653 νεωτέρους
606 572 730 656 dicunt,
772 572 868 638 etiarn
903 572 1086 654 aequalium
1126 577 1294 656 poetarum
1329 572 1527 637 Graeccmm

394 676 542 761 exempla
566 680 695 742 secutos
724 695 802 741 esse.
841 675 870 740 Ε
899 674 1018 758 quibus
1047 675 1240 740 Parthenius
1249 679 1270 758 ¹)
1302 679 1396 742 certe
1429 676 1528 740 tribus

392 779 484 844 libris
517 779 674 858 ἐγκώμιον
703 780 833 858 Ἀρήτης
866 780 980 842 uxoris
1013 779 1134 844 cecinit
1165 785 1198 842 et
1228 779 1373 863 principi
1409 779 1529 863 elegiae

391 883 564 964 Romanae,
593 882 779 948 Cornelium
802 882 928 948 Gallum
958 881 1041 965 dico,
1069 883 1336 948 commentarium
1364 883 1528 968 privatum

392 985 658 1068 subministravit,
669 985 814 1050 libellum
826 985 918 1050 illum
931 986 1091 1064 ἐρωτικῶν
1102 986 1308 1069 παθημάτων,
1320 991 1360 1050 ut
1370 986 1432 1052 ille
1445 987 1531 1050 hisce

392 1171 511 1225 quorum
531 1155 649 1210 alterius
668 1154 698 1209 in
716 1172 835 1211 numero
854 1155 990 1226 plurimas
1010 1155 1115 1226 elegias
1128 1154 1237 1222 Tibulli,
1255 1155 1410 1226 Propertii,
1431 1155 1531 1219 Ovidii,

392 1237 440 1307 qui
459 1236 495 1291 de
515 1252 546 1290 se
566 1241 592 1291 et
618 1252 672 1292 suo
694 1251 791 1292 amore
814 1236 967 1305 disserunt,
991 1235 1147 1304 habemus3
1173 1235 1203 1290 in
1227 1252 1325 1291 eorum
1350 1236 1531 1292 carminibus

391 1323 496 1378 multas
516 1325 544 1376 et
563 1321 695 1392 antiquas
713 1321 835 1389 fabulas,
855 1337 928 1392 quae
941 1321 1063 1392 exempli
1078 1325 1105 1376 ct
1118 1319 1277 1376 ornamenti
1296 1336 1388 1376 cansa
1407 1321 1532 1376 breviter

391 1407 506 1464 additae
517 1411 591 1475 sunt,
604 1407 735 1478 legimus,
749 1407 785 1463 de
794 1411 897 1463 natura
906 1408 1023 1463 alterius
1034 1407 1154 1477 generis,
1164 1405 1239 1477 quod
1249 1405 1348 1476 lingua
1357 1406 1532 1462 Germanica

391 1493 546 1564 ‘Elegische
558 1493 714 1548 Romanze’
732 1493 918 1563 appellamus,
938 1491 1177 1548 Reitzensteinius
1189 1491 1251 1561 ipse
1264 1490 1358 1546 insius
1370 1492 1437 1562 agit
1456 1491 1532 1560 (Got-

391 1579 482 1649 tinger
506 1578 630 1648 gelehrte
656 1578 799 1648 Anaeigen
826 1576 897 1632 1904
921 1595 947 1648 p.
963 1577 1085 1648 θοίνη).
1121 1579 1156 1634 ίίί
1183 1594 1406 1648 cognoscamus,
1436 1581 1531 1651 qualia

392 1663 520 1721 carmina
538 1663 614 1718 illius
627 1661 738 1733 generis
758 1663 823 1724 sint,
842 1678 929 1717 unum
950 1665 1109 1734 exemplum
1123 1665 1282 1720 atteramus.
1303 1663 1449 1721 Conieras
1469 1665 1532 1720 Pro·

391 1747 565 1820 pertii120,
589 1764 645 1818 qua
668 1747 758 1818 elegia
780 1752 866 1818 poeta
890 1747 1000 1803 Gallum
1024 1749 1146 1804 amicum
1169 1754 1272 1817 monet,
1296 1753 1327 1804 ut
1351 1757 1471 1818 caveat,
1497 1767 1531 1806 ne

391 1851 480 1905 puero
499 1837 596 1889 amato
609 1834 743 1903 privetur.
763 1832 853 1902 Quam
873 1849 960 1903 saepe
978 1833 1032 1888 hoc
1045 1833 1207 1889 amantibus
1227 1833 1348 1903 accidat,
1362 1835 1530 1907 Propertius

391 1919 488 1976 tabula
505 1919 594 1989 Hylae
614 1919 722 1988 pmbat,
742 1933 816 1988 quse
834 1921 924 1974 totam
942 1919 1000 1974 iere
1020 1918 1139 1988 elegiam
1157 1918 1263 1989 implet.
1291 1920 1334 1976 Ad
1353 1922 1484 1978 amicum
1503 1923 1530 1975 in

392 2006 521 2060 clausula
540 2007 650 2060 tantum
669 2003 804 2058 carminis
822 2002 937 2073 respicit
957 2004 993 2074 (ν.
1007 2003 1050 2059 ol.
1064 2003 1127 2073 θ2);

588 2097 648 2166 His,
667 2113 684 2152 o
704 2097 791 2166 Galle,
811 2100 875 2152 tuos
895 2097 1019 2152 monitus
1039 2097 1167 2154 servabis
1186 2114 1300 2154 amores

624 2183 789 2238 Formosum
808 2181 940 2252 nymphis
959 2181 1073 2237 credere
1093 2183 1172 2238 visus
1192 2182 1301 2254 Hylam.

390 2279 533 2348 Intellegis
556 2277 621 2344 iam,
648 2276 715 2348 quid
739 2277 814 2332 inter
838 2275 909 2332 haec
935 2275 990 2331 duo
1010 2292 1115 2347 genera
1139 2276 1264 2332 intersit:
1292 2277 1321 2332 in
1346 2278 1442 2333 altero
1463 2295 1529 2333 suos

390 2365 479 2435 ipsius
503 2379 615 2420 amores
638 2365 736 2418 narrat
759 2367 851 2432 poeta,
875 2362 905 2416 in
928 2361 1017 2416 altero
1040 2365 1152 2417 veteres
1175 2362 1395 2433 femineosque,
1422 2363 1528 2419 sedin

390 2450 440 2504 illo
453 2447 575 2518 exempli
587 2447 678 2518 gratia
692 2447 877 2502 adsumuntur
896 2447 982 2502 etiam
994 2445 1096 2500 breves
1116 2446 1237 2516 tabulae,
1253 2448 1287 2502 in
1305 2449 1360 2503 hoc
1379 2449 1528 2504 exordium

391 2538 420 2590 et
445 2533 509 2589 finis
534 2532 571 2588 ad
596 2537 710 2602 poetam
735 2535 764 2587 et
787 2531 824 2586 ad
848 2531 910 2587 eius
934 2547 980 2586 res
1004 2535 1122 2600 spectat.
1158 2531 1256 2587 Dices:
1283 2531 1355 2587 satis
1380 2532 1527 2588 diversum

391 2619 512 2674 alterum
527 2632 616 2687 genus
631 2614 667 2671 ab
680 2616 778 2671 altero.
798 2616 981 2671 Inveniuntur
1000 2620 1096 2672 tamen
1116 2615 1250 2685 carmina,
1270 2617 1306 2672 de
1329 2616 1434 2688 quibus
1458 2617 1527 2673 indi-

391 2702 465 2758 cium
490 2700 567 2757 haud
593 2701 676 2756 facile
701 2700 796 2768 fertur,
820 2699 897 2756 velut
921 2701 1022 2756 Catulli
1047 2717 1163 2756 carmen
1185 2701 1253 2770 681),
1279 2719 1335 2772 qno
1360 2709 1450 2772 poeta
1474 2718 1527 2758 non

391 2788 485 2844 miuus
505 2792 637 2842 accurate
657 2785 692 2840 de
711 2803 808 2842 amore
827 2785 1007 2854 Laodamiae,
1027 2803 1112 2856 quam
1132 2785 1167 2840 de
1187 2802 1239 2841 suo
1253 2787 1318 2856 agit
1338 2786 1524 2857 Expressisse

392 2889 456 2928 eum
476 2872 595 2942 elegiam
611 2871 839 2939 Alexandrinam,
860 2887 916 2941 qua
934 2875 1018 2942 poeta
1037 2888 1120 2927 suum
1139 2871 1261 2928 maxime
1281 2887 1408 2927 amorem
1426 2888 1526 2928 narra·

390 2959 471 3026 verit,
491 2955 627 3026 suspicati
641 2959 706 3010 suut
720 2960 747 3010 et
760 2955 876 3011 Crusius
895 2957 911 3010 l.
923 2957 940 3010 l.
960 2973 985 3026 p.
997 2956 1076 3011 2291.
1090 2957 1162 3012 2292
1181 2961 1209 3013 et
1221 2957 1467 3014 Reitzensteinins
1486 2957 1526 3012 ll.

391 3061 417 3114 p.
425 3043 484 3099 103.
505 3042 557 3112 Qui
569 3046 666 3097 tamen
680 3047 779 3112 postea
792 3042 822 3096 in
834 3042 937 3110 libello,
951 3058 1035 3112 quern
1048 3041 1194 3112 inscripsit
1207 3041 1319 3096 ‘Wesen
1332 3041 1393 3097 und
1405 3043 1525 3098 Werdeu

391 3128 442 3184 der
464 3127 628 3184 Humanitltt
650 3127 690 3182 im
707 3127 862 3195 Altertum'‚
885 3127 1040 3197 Strallburg
1064 3127 1142 3194 1907,
1168 3144 1194 3197 p.
1207 3127 1251 3193 27,
1275 3127 1317 3182 ita
1335 3127 1390 3181 hoc
1410 3143 1524 3183 carmen

393 3213 534 3284 explicare
553 3215 673 3268 conatus
693 3215 745 3279 est,
764 3215 795 3266 ut
814 3211 933 3267 subesse
952 3211 1058 3267 diceret
1072 3211 1208 3267 Graecam
1229 3211 1357 3282 elegiam,
1377 3229 1435 3282 qua
1456 3213 1524 3268 Lao-

392 3297 504 3352 damiae
528 3312 613 3352 casus
637 3295 822 3363 narrabatur3
848 3312 912 3351 cum
931 3299 1029 3352 auctor
1052 3295 1082 3350 in
1105 3296 1186 3351 initio
1210 3301 1238 3352 et
1256 3296 1313 3351 fine
1332 3295 1421 3351 etiam
1439 3297 1478 3353 de
1496 3313 1525 3351 se

391 3383 454 3452 ipso
467 3381 555 3438 verba
567 3381 672 3450 iecerit,
685 3381 738 3436 has
748 3385 841 3452 partes
851 3381 957 3450 elegiae
968 3380 1109 3436 Catullum
1119 3386 1147 3436 et
1159 3381 1325 3436 immutasse
1338 3385 1367 3436 et
1379 3381 1524 3438 dilatasse

392 3465 498 3535 Quodsi
510 3482 608 3520 verum
622 3470 673 3534 est,
687 3469 766 3520 certo
776 3464 905 3535 equidem
918 3481 976 3520 non
990 3466 1058 3530 scio,
1071 3471 1166 3522 utrum
1178 3483 1293 3523 carmen
1305 3465 1376 3523 illnd
1388 3466 1525 3538 Theogni·

392 3551 485 3620 deum,
509 3567 601 3620 aquo
621 3550 739 3620 proiecti
764 3567 869 3618 sumus,
888 3551 1096 3606 Alexandrinos
1119 3555 1220 3621 poetas
1244 3567 1278 3606 eo
1302 3551 1461 3621 perducere
1480 3553 1524 3607 de·

391 3636 492 3703 buerit,
511 3639 543 3691 ut
556 3635 683 3690 carmina
700 3636 824 3705 ipsorum
845 3651 956 3690 amores
975 3635 1127 3692 tractantis
1139 3641 1303 3706 pangerent,
1323 3652 1361 3691 an
1374 3638 1412 3692 ad
1428 3653 1524 3692 narra·

392 3721 484 3776 tiones
503 3720 606 3791 potius,
626 3721 724 3791 quales
743 3723 811 3775 sunt
829 3720 966 3790 Propertii
985 3721 996 3775 l
1015 3721 1051 3776 20
1073 3719 1227 3792 qualesque
1246 3735 1297 3775 ecs
1316 3735 1405 3792 saepe
1425 3721 1523 3778 iecisse

392 3807 480 3876 probe
499 3805 612 3860 scimus.

486 3891 506 3960 ¹)
516 3889 652 3946 Conleras
663 3889 699 3958 id,
711 3889 785 3960 quod
794 3889 897 3946 Suidas
908 3891 960 3946 sub
972 3907 1043 3946 voce
1051 3891 1213 3958 Παρθένιος
1223 3890 1305 3947 dicit:
1317 3891 1522 3960 Παρθένιος...

394 3976 512 4030 Νικαεὺς
524 3976 542 4041 ἢ
558 3975 735 4042 Μυρλεανός,
749 3975 939 4039 ἐλεγειοποιὸς
951 3975 995 4030 καί
1008 3977 1121 4041 μέτρων
1131 3977 1284 4042 διαφόρων
1295 3977 1427 4044 ποιητής.
1441 3977 1521 4032 οὖτος

393 4061 506 4128 ἐλήφθη
525 4062 583 4114 ὑπὸ
604 4059 688 4114 Κίννα
706 4061 848 4130 λάφυρον,
869 4061 916 4115 ὅτε
936 4061 1116 4127 Μιθριδάτην
1129 4061 1265 4124 ιΡωμαῖοι
1277 4063 1521 4129 κατεπολέμηςαν·

393 4145 454 4200 εἶτα
477 4144 584 4212 ἠφείθη
604 4147 651 4200 διὰ
668 4145 722 4212 τὴν
741 4145 884 4199 παίδευςιν
903 4145 948 4200 καί
967 4145 1035 4212 ἐβίω
1057 4147 1139 4212 μέχρι
1156 4144 1285 4211 Τιβερίου
1305 4149 1360 4199 τοῦ
1381 4145 1520 4215 Καίςαρος

393 4231 502 4297 ἔγραψε
512 4231 543 4283 δὲ
554 4227 875 4296 ἐλεγείας,Ἀφροδίτην,
884 4227 1008 4297 Ἀρήτης
1018 4223 1194 4298 Ἐπιλήδειον
1204 4233 1254 4297 τῆς
1263 4229 1520 4300 γαμετῆς,Ἀρητης

393 4314 551 4380 Ἐγκιίιμιον
571 4314 601 4368 ἐν
619 4313 694 4382 τρισί
715 4313 828 4380 βιβλίοις
847 4314 892 4368 καὶ
911 4316 981 4370 ἄλλα
1000 4315 1099 4369 πολλα.
