2894 4824
263 359 308 420 94
690 363 808 418 Victor
828 362 969 431 Coulon,

263 541 363 616 δεῦρο
382 538 474 600 πάλιν
494 537 663 617 βαδιςτέον,
682 534 758 598 ibid.
777 536 850 616 658,
868 536 929 598 Av.
945 535 1020 616 442,
1040 534 1100 598 Nb.
1113 537 1165 599 tu.
1194 534 1241 598 Ol
1261 534 1298 598 G.
1314 535 1396 599 Her-

266 641 376 703 manni
394 638 477 722 Epit
494 637 601 702 Doctr.
619 639 711 702 Metr.
731 659 760 722 p.
774 637 840 701 XII
859 644 892 701 et
910 638 1202 721 Rossb.-Westph.⁸
1218 638 1252 701 Π
1274 658 1305 722 p.
1321 639 1396 702 486.

266 742 338 819 Qua
372 742 412 808 de
448 761 545 806 causa
580 743 602 804 ii
635 741 771 805 trimetri
805 740 951 821 iambici,
986 740 1103 822 quibus
1137 742 1228 823 gravi
1264 760 1398 805 caesura

264 846 511 929 penthemimeri
522 865 587 908 non
600 844 811 908 antecedente
819 843 891 906 talis
901 851 1091 927 anapaestus
1101 844 1281 925 exhibetur,
1294 843 1398 926 qualis

263 950 298 1012 in
314 948 341 1012 N
347 948 374 1012 b.
393 950 444 1031 62,
464 947 655 1011 emendandi
674 950 758 1029 sunt
778 947 868 1012 velut
889 947 917 1010 N
921 947 948 1010 b.
967 948 1040 1027 238,
1062 947 1118 1010 ubi
1137 967 1194 1031 pro
1213 947 1321 1011 verbis
1341 946 1397 1011 RV

264 1051 372 1129 ὧνπερ
397 1051 503 1116 οὕνεκ’
525 1051 659 1128 ἐλήλυθα
683 1050 849 1114 Bentleius
874 1049 981 1129 ὡνπερ
1005 1050 1086 1114 ἕνεκ’
1108 1051 1242 1128 ἐλήλυθα
1269 1051 1399 1134 scripsit

263 1161 297 1219 et
325 1155 378 1218 Pc.
396 1156 475 1235 415,
504 1173 599 1236 quem
629 1173 757 1217 versum
788 1174 816 1237 p.
833 1155 899 1236 (99)
927 1174 946 1216 a
972 1153 1065 1217 nobis
1093 1155 1262 1217 mactatum
1291 1154 1396 1218 habes.

264 1262 373 1342 Atque
403 1265 510 1322 nostro
537 1258 608 1322 loco
636 1257 797 1340 Reisigius
824 1258 979 1341 probante
1005 1258 1133 1341 Engero
1160 1260 1195 1320 in
1223 1258 1322 1340 praef.
1347 1257 1395 1321 Ia.

264 1383 294 1445 p.
305 1362 372 1425 XX
386 1381 426 1426 ex
440 1360 619 1426 lectioneM
632 1361 832 1443 aliorumque
845 1361 993 1424 codicum
1006 1363 1044 1437 δὴ
1058 1359 1144 1425 ταῦτ’
1152 1360 1395 1424 rescribendum

268 1484 338 1529 esse
363 1466 402 1542 δή
421 1464 539 1527 'naeu'
559 1465 704 1527 coniecit.
738 1463 800 1528 Sed
824 1483 897 1527 oum
922 1483 988 1526 vox
1010 1463 1098 1526 ταῦτ’
1117 1465 1394 1546 grammaticorum

265 1569 486 1632 coniecturam
509 1567 652 1631 redoleat
679 1571 711 1630 et
733 1587 790 1650 pro
815 1568 961 1648 ἐνταῦθα,
989 1568 1008 1630 i.
1031 1586 1057 1630 e.
1089 1566 1182 1649 “da'’‚
1210 1566 1395 1631 adverbium

265 1676 484 1754 exspectetur,
517 1669 604 1752 quod
637 1679 780 1734 nostrum
819 1669 908 1734 “von
939 1670 996 1733 der
1025 1670 1095 1733 Zeit
1124 1670 1192 1732 an’'
1227 1669 1395 1753 siguificat

264 1776 304 1850 δὴ
322 1773 448 1854 ’νθένδ’,
470 1772 556 1854 quod
576 1772 720 1836 Kochius
740 1773 811 1854 (Nb.
829 1773 876 1836 ed.
893 1773 940 1835 IV
960 1775 1057 1851 1894)
1077 1773 1112 1834 in
1133 1772 1238 1836 adnot
1260 1772 1301 1835 ad
1322 1773 1395 1835 hv.

265 1876 439 1959 proposuit
463 1875 660 1958 probabilius
680 1875 808 1939 videtur
830 1895 927 1957 quam
946 1875 1078 1958 Reisigii
1098 1874 1177 1937 illud
1202 1877 1241 1951 δὴ
1265 1874 1396 1939 ’νταῦθ’.

265 1981 313 2045 Ol.
338 1981 425 2044 locos
448 2001 467 2043 a
490 1979 612 2043 Kockio
637 1980 756 2061 allatae,
780 1980 836 2043 ubi
860 1980 988 2044 ἐνθένδε
1013 1980 1060 2043 sic
1083 1986 1274 2062 usurpatum
1298 1982 1353 2043 est.

355 2085 393 2147 In
423 2104 452 2148 ν.
475 2087 535 2147 151
572 2085 712 2162 ὁπότερα
745 2087 803 2162 τήν
833 2086 962 2162 γνώμην
985 2084 1060 2165 ἔχοι,
1083 2087 1139 2148 τὰς
1162 2085 1292 2161 ἐμπίδας

265 2189 354 2271 ᾄδειν
371 2188 457 2251 unde
469 2187 587 2251 Suidae
598 2187 699 2251 verba
710 2188 777 2266 ἐχοι
788 2190 858 2265 περὶ
872 2187 1000 2265 ἐμπίδος
1012 2194 1085 2250 nata
1098 2189 1171 2268 sint,
1188 2189 1395 2270 conspicuum

265 2296 323 2355 est.
348 2288 397 2356 SE
419 2291 514 2370 enim,
536 2291 592 2372 qui
608 2297 696 2354 recte
716 2290 779 2369 ἐχει
794 2291 868 2371 (levi
889 2290 1004 2354 mendo
1021 2310 1078 2372 pro
1098 2291 1175 2370 ἔχοι)
1193 2293 1249 2355 τὰς
1268 2292 1397 2369 ἐμπίδας

265 2395 404 2477 praebet
425 2394 530 2457 verbis
552 2394 692 2472 ὁπότερα
715 2395 772 2469 τὴν
791 2395 921 2469 γνώμην
941 2393 1001 2471 ἔχει
1025 2393 1228 2456 interlineas
1251 2395 1323 2471 περὶ
1344 2397 1398 2470 τῆς

268 2497 396 2572 ἐμπίδος
428 2495 551 2559 addidit
580 2496 763 2579 explicandi
798 2496 912 2578 gratia
943 2515 1026 2578 quae
1057 2501 1141 2559 esset
1170 2514 1235 2577 reS,
1267 2496 1307 2559 de
1336 2515 1398 2577 qua

266 2599 346 2681 quid
370 2600 503 2662 sentiret
527 2599 674 2663 Socrates
698 2599 825 2662 diceret.
858 2597 960 2674 Quam
985 2598 1124 2681 glossam
1147 2599 1262 2662 Suidas
1286 2618 1327 2662 ex
1352 2618 1397 2678 eo,

267 2721 330 2783 quo
351 2721 429 2765 usus
449 2709 505 2783 est
525 2702 635 2766 codiee
655 2705 688 2765 in
708 2702 843 2765 schedas
863 2721 938 2764 suas
957 2703 1165 2785 transcripsit
1195 2701 1326 2765 Librum
1349 2699 1397 2764 SE

265 2810 382 2886 autem,
405 2806 524 2887 quippe
546 2808 601 2888 qui
625 2806 712 2869 solus
732 2825 773 2868 ex
795 2805 913 2869 Suidae
932 2806 1159 2888 manuscriptis
1183 2825 1256 2868 cum
1280 2806 1398 2868 nostris

265 2909 430 2972 codicibus
451 2912 639 2989 consentiat,
662 2909 888 2992 interpolatum
909 2928 988 2991 esse,
1014 2916 1050 2972 ut
1072 2911 1135 2972 iam
1154 2909 1346 2991 Bernhardy
1365 2910 1397 2971 iu

264 3011 362 3095 praef.
385 3011 502 3076 Suidae
526 3013 621 3076 lexici
641 3033 669 3094 p.
687 3011 753 3075 XX
779 3013 915 3092 monuit,
939 3017 1004 3074 tam
1029 3031 1068 3074 ex
1094 3012 1243 3075 hocloco
1268 3018 1399 3095 apparet

265 3135 363 3197 quam
389 3134 431 3178 ex
456 3115 615 3179 similibus
640 3116 711 3179 aliis
735 3116 822 3178 locis
857 3115 903 3178 Of.
925 3135 952 3178 e.
973 3135 1001 3196 g.
1022 3114 1076 3178 Pc.
1096 3116 1158 3178 182
1187 3115 1326 3192 ὡμιαρέ
1350 3118 1397 3178 καὶ

264 3220 399 3296 τολμηρὲ
427 3213 476 3280 SE
507 3236 530 3280 s.
552 3238 579 3280 r.
606 3219 708 3295 propat
737 3223 823 3281 recte
851 3238 926 3281 cum
951 3218 1019 3299 RV,
1048 3218 1075 3281 ὠ
1100 3221 1189 3297 μιαρέ
1217 3213 1340 3298 WB,
1371 3217 1397 3279 ὦ

267 3323 400 3399 βδελυρὲ
416 3322 465 3382 καὶ
476 3322 611 3397 τολμηρὲ
624 3316 723 3402 SM,
736 3320 782 3384 ΡΙ.
795 3322 857 3384 150
874 3322 970 3385 αὐτάς
982 3342 1025 3386 τις
1041 3317 1089 3385 SE
1113 3340 1136 3383 s.
1148 3341 1176 3382 v.
1188 3326 1307 3398 πειρῶν
1324 3339 1397 3384 cum

265 3421 333 3503 RV,
352 3443 396 3487 πς
412 3424 509 3488 αὐτὰς
525 3426 632 3505 ceteri,
651 3426 806 3486 442-43
828 3425 863 3500 ἧς
880 3425 977 3487 οὐδὲν
993 3425 1115 3502 πέφυκε
1132 3429 1218 3505 ζῷον
1235 3423 1398 3488 ἐξωλέςπε-

266 3545 326 3602 ρον
350 3522 399 3589 SE
423 3547 446 3589 s.
460 3546 487 3590 ν.
509 3528 718 3602 ἐξωλέςτερον
738 3546 813 3589 cum
833 3525 868 3606 V,
887 3525 924 3603 ἧς
942 3525 1037 3588 οὐδέν
1055 3528 1166 3604 θηρίον
1185 3526 1397 3603 ἐξωλέςιερον

265 3629 374 3709 ceteri,
393 3631 457 3692 815
479 3630 497 3691 ὁ
518 3629 547 3692 δ’
564 3631 655 3694 ἰπνὸς
671 3630 740 3706 ἡμῖν
759 3627 903 3705 ἐξαπίνης
918 3628 1050 3702 γέγονεν
1070 3623 1117 3689 SE
1140 3646 1164 3689 s,
1177 3647 1206 3687 v.
1222 3627 1307 3690 ἴπνια
1323 3646 1396 3690 cum

265 3731 410 3794 Ambros
428 3732 480 3813 Μ,
500 3735 555 3815 qui
574 3733 679 3808 γέγον’
699 3732 837 3815 praebet,
857 3731 875 3792 ὁ
896 3731 925 3795 δ’
941 3731 1032 3794 ίπνος
1054 3730 1158 3804 γέγον’
1178 3730 1210 3811 (S
1219 3726 1248 3810 V,
1267 3732 1397 3806 γέγονεν

266 3830 347 3916 SAR)
367 3836 512 3915 ἐξαπίνης
532 3838 638 3917 ceteri,
657 3836 717 3899 Nb.
737 3838 822 3899 1216
843 3834 1001 3915 χρήςαντά
1021 3855 1057 3910 με
1076 3853 1094 3897 e
1113 3834 1210 3898 schol.
1231 3835 1396 3897 invectum

265 3933 314 4000 SE
330 3957 353 4000 s,
364 3959 393 4001 r.
411 3940 635 4017 ἀπερυθριᾶςαι
650 3941 757 4003 omisit
770 3959 844 4002 cum
857 3937 924 4017 RV,
938 3938 1036 4000 ceteri
1050 3937 1177 4018 habent,
1192 3938 1278 4000 1216
1292 3941 1397 4001 ςεςεῑς-

266 4045 316 4103 θαι
336 4038 385 4105 SE
406 4062 428 4105 s.
443 4062 470 4104 ν.
490 4044 545 4105 τὸν
562 4044 741 4121 ἐγκέφαλον
762 4047 849 4106 recte
866 4062 938 4105 cum
956 4041 1024 4122 RV,
1045 4046 1271 4105 καταςεςεῑςθαι
1290 4042 1395 4104 ceteri.

355 4144 393 4207 Iu
417 4166 446 4210 v.
463 4147 527 4207 215
551 4147 751 4209 τοῦτοπάνυ
771 4147 954 4223 φροντίζετε
978 4163 1035 4226 pro
1054 4144 1191 4207 lectione
1213 4143 1241 4207 R
1259 4144 1343 4207 πάνυ
1362 4145 1396 4205 in

268 4245 295 4306 V
314 4248 480 4312 invenitur
494 4250 598 4328 πάλιν,
618 4250 651 4310 in
669 4248 689 4312 S
707 4250 791 4325 μέγα.
816 4247 1000 4310 Μοίοολίοο
1018 4247 1138 4328 aliique
1157 4248 1240 4311 πάνυ
1256 4247 1395 4330 amplexi
