2918 4814
175 136 228 191 Die
248 135 452 203 παρακλητικοί
472 135 502 190 in
521 136 573 191 der
590 136 787 206 griechischen
805 153 832 191 u.
847 141 915 191 τόπι.
929 137 1076 192 Literalur.
1151 133 1194 194 85

33 300 77 367 T.
93 307 255 390 Μαυλίυο,
279 309 321 373 M.
337 309 504 391 Valerius,
528 313 686 391 quantum
710 308 866 373 Gallicam
898 309 1020 373 rabiem
1049 311 1195 375 vinceret

44 405 202 476 Romana
232 412 349 494 virtuS,
384 412 573 476 docuerunt„
604 411 669 474 iam
700 411 741 475 M.
765 411 908 476 Manlius
942 432 1029 475 unus
1064 413 1193 496 agmine

56 514 245 578 scandentis
261 517 296 579 in
307 515 502 598 Capitolium
518 514 656 579 detrusit
672 514 835 578 Gallos.—
849 514 944 578 Auoh
955 513 1083 598 Prokop
1102 516 1195 579 weist

64 617 115 680 auf
149 618 197 683 die
230 624 424 702 ungestlime
456 619 525 682 und
556 617 688 682 deshalb
722 619 867 682 nutzlose
899 618 1106 702 Kampfesart
1135 618 1195 682 der

66 716 227 785 landalen
249 722 321 784 hin:
342 721 426 786 ΒΝ.
444 721 486 803 ΙΙ,
504 725 555 803 11,
572 724 615 786 34
633 723 733 786 ...τὸ
753 723 919 803 προπετές,
940 723 959 786 ό
981 722 1033 785 διὰ
1057 723 1094 785 τὸ
1114 721 1194 799 πρό-

65 841 157 900 τερον
172 825 357 904 εὐημερῆςαι
374 825 404 890 0l
420 827 562 904 πολέμιοι
579 828 751 906 κέκτηνται,
767 826 837 903 ὑμῖν
854 828 1106 900 ξυναγωνιεῑςθαι
1121 830 1194 903 ξυμ-

65 927 189 1002 βήςεται.
203 928 305 1007 τόλμα
316 929 377 1006 γάρ
390 934 425 1009 τῇ
443 932 501 1007 μὲν
515 930 644 1008 δυνάμει
657 930 909 1008 ξυμμετρουμὲνη
921 929 1002 1008 τάχα
1013 949 1041 992 τι
1057 928 1194 992 καὶτοὺς

63 1025 146 1110 αὐτῇ
161 1032 338 1108 χρωμένους
354 1031 467 1113 ὀνήςει,
484 1032 697 1111 ὑπεραίρουςα
713 1035 748 1096 δὲ
764 1033 881 1110 ταύτην
898 1031 929 1095 ἐς
946 1033 1095 1095 κίνδυνον
1111 1030 1192 1106 ἄγει·

63 1125 106 1190 άν
132 1132 352 1211 ἐνθυμούμενοι
372 1133 422 1197 καὶ
439 1138 506 1197 τῶν
524 1137 686 1211 πολεμίων
707 1137 989 1213 καταφρονοῦντες
1009 1136 1071 1197 κτλ.

158 1235 181 1297 3.
198 1235 269 1319 Eng
286 1256 328 1299 an
345 1234 409 1300 den
426 1237 558 1320 vorigen
568 1237 668 1301 τόπος
682 1236 819 1300 schliesst
832 1236 901 1300 sich
917 1235 969 1300 die
981 1234 1194 1318 Schilderung

63 1329 207 1400 besserer
228 1338 448 1422 Bewaflnung
471 1338 518 1403 als
542 1339 902 1421 Ermunterungsmotiv
925 1359 982 1402 an:

158 1438 301 1504 Camillus
330 1443 364 1504 in
391 1443 498 1524 Jenem
528 1442 760 1521 παρακλητικός
787 1441 840 1506 bei
868 1440 962 1505 Dion.
983 1441 1081 1506 Arch.
1102 1440 1192 1513 XIV,

68 1534 95 1612 9,
113 1539 165 1604 13;
179 1542 261 1608 όπλα
277 1547 441 1622 κρείττονα
457 1549 521 1608 τῶν
540 1549 739 1623 βαρβαρικῶν
758 1546 829 1622 ἡμῖν
854 1543 1071 1626 μεμηχάνηται,
1088 1547 1193 1624 θώρα-

68 1654 123 1701 κες
142 1648 180 1710 καὶ
202 1649 300 1727 κράνη
321 1649 372 1711 καὶ
396 1652 543 1726 κνημῖδες
563 1648 612 1710 καὶ
636 1648 775 1725 κραταιοὶ
795 1649 911 1728 θυρεοὶ,
935 1647 992 1726 ὑφ’
1009 1645 1056 1710 ὧν
1075 1647 1136 1712 όλα
1154 1647 1193 1710 τὰ

69 1738 186 1815 (ώματα
204 1751 319 1830 ἔχομεν
344 1752 378 1814 ἐν
398 1755 535 1833 φυλακῇ,
560 1753 632 1830 ξίφη
656 1771 690 1814 τε
714 1749 893 1828 άμφίςτομα
917 1750 966 1814 καὶ
989 1750 1056 1813 ἀντὶ
1078 1751 1193 1829 λόγχης

68 1833 175 1936 ὀῑςτός,
197 1854 343 1936 ἄφυκτον
363 1858 476 1934 βέλος·
494 1856 534 1918 τά
553 1858 609 1931 μὲν
629 1855 841 1935 ςκεπαςτήρια,
861 1852 911 1917 ola
930 1856 969 1931 μή
991 1853 1108 1937 ῥᾳδίως
1126 1859 1193 1918 ταῖς

66 1942 192 2024 πό’λλαῑς
215 1958 319 2039 εἴκειν,
345 1960 385 2021 τά
409 1957 438 2021 δ’
455 1957 637 2038 ἀμυντήρια,
667 1958 710 2021 ὼς
735 1956 774 2020 δι’
791 1955 910 2034 άπάςης
939 1958 1087 2035 φέρεςθαι
1114 1979 1193 2036 προ-

63 2037 163 2131 βολῆς
185 2065 252 2125 τῶν
278 2064 312 2124 δὲ
337 2061 452 2139 γυμναὶ
476 2063 533 2138 μὲν
557 2060 587 2123 αἱ
610 2061 755 2140 κεφαλαί,
779 2061 880 2137 γυμνά
900 2063 993 2124 δὲτὰ
1012 2060 1124 2138 ςτὲρνα
1143 2060 1193 2123 καλ

59 2138 91 2260 αἱ
112 2154 251 2243 λαγόνες,
275 2163 387 2240 γυμνοὶ
411 2166 447 2226 δὲ
471 2163 563 2241 μηροὶ
587 2163 637 2225 καὶ
664 2163 753 2240 ςκὲλη
779 2163 866 2241 μέχρι
889 2165 1011 2243 ποδῶν,
1036 2162 1136 2240 ἔρυμά
1158 2182 1192 2226 τε

55 2251 154 2326 οῦδὲν
177 2266 287 2343 ἕτερον
312 2264 359 2328 ότι
383 2266 422 2343 μή
448 2265 575 2342 θυρεοί·
600 2263 772 2343 ἀμυντήρια
792 2267 827 2328 δὲ
847 2264 959 2343 λόγχαι
976 2265 1025 2328 καὶ
1044 2263 1191 2347 μάχαιρα,

52 2355 183 2432 κοπίδες
206 2368 402 2446 ὑπερμήκεις.
431 2368 490 2431 Bei
513 2367 641 2451 Prokop
669 2367 747 2431 heht
770 2367 827 2432 der
857 2368 1015 2431 rllmische
1038 2367 1193 2431 Feldherr

49 2437 182 2533 Salomo
207 2470 259 2533 die
279 2469 538 2553 minderwertige
558 2471 773 2552 Bewaflnung
791 2469 849 2535 der
864 2469 1034 2535 Vandalen
1058 2470 1190 2534 hervor:

48 2541 85 2615 B·
103 2560 149 2635 V.
163 2574 205 2655 Π,
220 2576 270 2655 11,
285 2575 327 2637 26
351 2573 423 2638 ‘Die
439 2574 576 2638 Μάρκου
596 2573 670 2636 sind
688 2574 980 2656 kriegsuntlichlig'
997 2624 1004 2637 .
1022 2625 1028 2636 .
1046 2624 1052 2637 .
1077 2575 1191 2651 γυμνοί

47 2670 82 2720 ΤΕ
107 2679 173 2754 γάρ
197 2678 227 2740 οἱ
249 2679 389 2741 πλεῑςτοί
405 2677 456 2740 εἰςι
480 2678 530 2741 καὶ
553 2677 659 2740 αὐτῶν
679 2677 746 2740 όςοι
766 2677 895 2741 ἀςπίδας
917 2677 1027 2758 ἔχουςι,
1045 2679 1190 2756 βραχείας

48 2773 83 2826 ΤΕ
99 2779 218 2845 ταύτας
236 2781 360 2845 καὶούκ
379 2781 415 2844 εὖ
433 2781 645 2858 πεποιημένας
666 2779 742 2843 οὐδὲ
758 2779 948 2844 άπωθεῑςθαι
966 2780 1005 2842 τὰ
1021 2779 1191 2857 προτιόντα

51 2861 235 2957 δυνομένας
263 2883 505 2961 προβέβληνται.
537 2883 586 2945 καὶ
615 2883 654 2945 τά
685 2882 745 2944 δύο
775 2885 875 2944 ταῦτα
903 2883 1035 2959 δοράτια
1063 2883 1192 2960 ἀπορρί-

53 2983 184 3066 Ψαντες,
211 2987 249 3063 ἢν
273 2989 315 3064 μή
338 3007 366 3049 τι
390 2988 553 3066 δράεωςιν,
578 2985 749 3063 αὐτόματοι
773 2985 805 3048 ἐς
830 2987 938 3064 φυγὴν
960 2985 1138 3063 τρέπονται.

154 3088 179 3149 4.
201 3088 265 3153 Das
293 3088 472 3153 feindliche
501 3087 589 3152 Heer
616 3088 705 3169 neigt
734 3107 793 3150 zur
815 3087 938 3168 Flueht,
968 3087 1040 3151 weil
1069 3106 1103 3150 es
1133 3106 1191 3151 aus

57 3169 274 3274 heterogenen
290 3191 481 3256 Elementen
501 3196 809 3273 zusammengesetzt
826 3191 869 3253 ist
893 3189 958 3252 und
982 3210 1045 3253 nur
1063 3209 1190 3273 ungern

61 3274 143 3350 <lem
161 3291 279 3359 llllhrer
301 3294 390 3377 folgl

156 3392 321 3461 Phormion
339 3417 398 3460 vor
413 3397 518 3461 Rhion
535 3398 588 3462 bei
611 3398 709 3463 Thuc.
725 3399 767 3480 ΙΙ,
787 3401 839 3479 89,
856 3399 877 3461 4
900 3397 1139 3475 Λακεδαιμόνιοί
1157 3418 1192 3463 τε

67 3480 226 3569 ἧϊθύμενοι
237 3506 306 3565 τῶν
321 3501 494 3580 ξυμμάχων
508 3504 559 3564 διά
569 3502 627 3579 τὴν
643 3503 799 3580 ςφετὲραν
812 3501 911 3566 δόξαν
925 3498 1060 3564 ἄκοντας
1075 3500 1191 3577 προςά-

70 3598 154 3656 ἲῡυα
166 3604 235 3665 τοὺς
250 3604 392 3665 πολλοὺς
410 3601 442 3665 ἐς
457 3603 513 3665 τὸν
531 3604 688 3685 κίνδυνον,
713 3604 779 3668 ἐπεὶ
799 3602 856 3667 οὐκ
876 3602 916 3666 άν
934 3622 1012 3666 ποτε
1032 3601 1192 3680 ἐπεχείρη-

73 3698 128 3798 ‘JV
147 3697 321 3781 ἡττηθέντες
344 3705 431 3782 παρά
450 3707 534 3770 πολὺ
552 3707 642 3771 αὖθις
661 3710 841 3786 ναυμαχεῖν.
867 3705 1021 3788 Calgacus
1038 3703 1118 3767 liber
1134 3704 1191 3767 das

71 3789 218 3894 &mische
234 3807 322 3871 Ηεοτ
337 3807 390 3871 bei
404 3806 476 3871 Ταο.
492 3808 602 3891 Agric.
616 3810 675 3872 32:
696 3827 792 3891 quem
811 3809 1011 3871 contractum
1027 3826 1070 3871 ex
1086 3807 1192 3870 diver·

71 3896 196 3997 ³¹¹⁸⁸imis
206 3912 355 3994 gentibus
366 3915 403 3977 ut
416 3913 576 3977 secundae
589 3932 641 3977 res
652 3918 771 3993 tenent,
781 3913 826 3973 ita
837 3911 987 3974 adversae
1003 3909 1189 3975 dissolvent:

67 3995 128 4058 '¹¹⁸1
152 4013 178 4075 si
196 4014 300 4080 Gallos
324 4021 356 4080 et
375 4015 550 4081 Germanos
574 4019 606 4082 et
628 4015 740 4099 (pudet
758 4015 857 4095 dictu)
876 4014 1104 4078 Bn'lannorum
1124 4013 1191 4096 ple-
