3248 4910
386 373 429 438 20
811 385 846 440 Μ.
865 385 1088 454 lleiuemaun,

385 559 497 627 ςτολάς
528 579 631 642 φηςιν,
663 558 720 622 δτι
750 561 806 622 δεῖ
835 558 874 622 έν
903 561 953 641 τῷ
983 558 1082 641 αὐτῷ
1109 557 1248 641 τρόπῳ
1282 557 1483 632 διάλογόν
1511 576 1546 620 τε

384 662 547 742 γράφειν
563 660 851 726 καὶέπιςιολάς·
867 655 1045 738 εἶναιγὰρ
1064 663 1132 738 τὴν
1148 662 1374 738 έπιςτολήν
1397 659 1488 726 οἷον
1508 661 1547 722 τὸ

384 765 519 843 ἕτερον
543 766 657 844 μέρος
679 765 747 828 τοῦ
773 763 955 838 διαλόγου
979 765 1065 828 κ.τ.έ.
1098 761 1183 828 Cum
1202 763 1300 828 Theo
1322 764 1549 827 imitationem

384 863 856 951 dialogorum¹linterexemplo
864 866 1167 949 prosopopoeiamm
1176 867 1376 946 enumeret,
1385 865 1550 948 etfiguro,

383 989 481 1054 quam
499 970 643 1036 rhetores
662 967 998 1048 sermocinationem)
1017 967 1068 1032 vel
1083 969 1244 1044 διάλογον
1265 967 1502 1032 nominabant
1520 979 1551 1032 et

383 1072 511 1158 saepius
529 1073 564 1136 in
583 1069 782 1136 orationibus
798 1067 949 1134 adhibere
968 1069 1120 1152 solebant,
1142 1070 1258 1136 studio
1275 1072 1551 1156 prosopopoeiae

383 1175 702 1260 praeexercitatiouis
720 1193 778 1258 par
800 1174 850 1255 sit,
874 1173 1034 1256 epistulas,
1054 1191 1137 1256 quoe
1161 1175 1312 1238 naturae
1334 1173 1550 1258 dialogorum

383 1277 564 1342 similhmae
587 1277 661 1359 sint,
679 1279 846 1360 propterea
865 1276 961 1341 etiam
979 1296 998 1340 a
1016 1275 1186 1360 discipulis
1210 1277 1411 1359 rhetorum,
1436 1278 1499 1360 qui
1519 1279 1551 1340 iu

383 1381 622 1466 prosopopoeiis
645 1380 865 1461 versabantur,
887 1381 982 1446 tiotas
1006 1397 1077 1444 esse
1100 1377 1190 1462 puto.
1223 1381 1414 1445 Amatoria
1441 1385 1552 1446 autem

382 1487 572 1567 argumenta
598 1504 618 1547 a
644 1480 827 1548 rhetoribus
855 1481 988 1545 minime
1016 1481 1114 1544 vitato
1142 1499 1218 1544 esse
1249 1481 1335 1564 quis
1369 1491 1441 1566 est,
1473 1485 1551 1566 quin

381 1587 516 1669 sciatit)
534 1586 624 1652 Nihil
641 1586 742 1669 igitur
757 1583 834 1648 inde
852 1582 1077 1666 colligendum,
1089 1581 1179 1665 quod
1198 1601 1244 1646 ex
1260 1585 1320 1666 iia,
1339 1587 1408 1669 qui
1420 1585 1468 1652 de
1484 1596 1551 1650 arte

382 1693 535 1778 epistulas
558 1691 722 1758 scribendi
745 1695 857 1775 agunt,
887 1692 1010 1774 primus
1033 1689 1170 1754 Proolus
1201 1694 1343 1756 certum
1377 1693 1551 1776 quoddam

380 1817 483 1882 genus
503 1787 713 1882 epistularum
733 1796 957 1860 amatoriarum
974 1795 1133 1878 proserit).
1164 1794 1341 1864 Extitisse
1370 1800 1463 1866 tales
1488 1801 1552 1884 epi·

381 1899 482 1964 stulus
501 1900 604 1984 primo
623 1900 689 1962 iam
705 1919 735 1982 p.
753 1897 825 1962 chr.
840 1918 872 1962 n.
891 1897 1019 1963 saeculo
1043 1900 1099 1962 aut
1116 1898 1225 1962 multo
1247 1902 1358 1966 etiam
1385 1905 1488 1986 prius
1512 1923 1550 1967 er

379 2004 451 2086 ipsa
462 2008 779 2086 progymnasmetum
793 2001 924 2065 historia
941 1998 1174 2065 concludimus.
1191 2001 1329 2086 Itaque,
1343 2006 1551 2089 priusquam

380 2105 420 2170 ad
436 2105 569 2170 traditas
580 2123 750 2189 pergarnus
767 2104 918 2188 epistulas
934 2103 1111 2186 amatorias,
1127 2103 1327 2188 fragmenta
1344 2109 1551 2195 circumspi-

473 2290 493 2358 ¹)
511 2289 588 2343 Theo
612 2289 709 2358 cap.ll
731 2287 819 2357 (Walz
838 2289 856 2343 l.
869 2289 887 2343 l.
907 2289 918 2344 l
936 2305 961 2358 p.
975 2287 1037 2356 164,
1062 2288 1185 2360 Spengel
1206 2291 1225 2344 l.
1241 2291 1259 2346 l.
1283 2293 1308 2347 ll
1334 2309 1364 2364 p.
1383 2295 1453 2366 68);
1480 2313 1550 2363 προ-

379 2372 555 2428 ςωποποιίας
568 2374 600 2428 δέ
611 2373 638 2426 'tl
655 2375 691 2427 δν
704 2373 746 2444 εἴη
760 2374 939 2440 παράδειγμα
956 2373 1070 2427 κάλλιον
1090 2415 1096 2428 .
1113 2415 1140 2428 ,.
1160 2379 1237 2428 τῶν
1256 2377 1477 2435 Πλάτωνος
1498 2381 1549 2434 καὶ

378 2463 448 2512 τιδν
467 2459 580 2512 ἄλλων
598 2461 668 2511 των
689 2457 919 2524 Σωκρατικῶν
938 2459 1127 2524 διαλόγων;

471 2547 492 2616 ¹)
511 2547 615 2602 Auctor
628 2546 666 2601 ad
678 2546 849 2626 Herennium
863 2547 896 2602 lV
908 2546 952 2613 le,
966 2547 1015 2602 55:
1035 2547 1255 2605 'sermocinatio
1276 2556 1334 2620 est,
1357 2595 1415 2608 ...
1437 2555 1472 2610 iu
1492 2571 1545 2626 qua

377 2631 565 2688 constituetur
583 2631 703 2686 alicuius
722 2646 861 2700 personae
880 2631 970 2686 oratio
995 2630 1183 2687 accomodata
1203 2633 1245 2689 ad
1265 2635 1479 2707 dignitatem’,
1499 2640 1543 2710 qui

378 2716 457 2771 locus
470 2731 534 2770 oum
546 2715 670 2770 Theonis
688 2715 825 2782 capitisX
842 2713 922 2770 initio
940 2715 1105 2770 adverbum
1124 2721 1280 2787 congruit:
1303 2725 1543 2789 προςωποποιία

378 2799 434 2854 ἐςτλ
459 2799 617 2866 προςὼπου
643 2799 841 2864 παρειεαγωγὴ
865 2800 1060 2864 διατιθεμένου
1082 2801 1190 2865 λόγους
1219 2803 1355 2860 οἰκείους
1382 2809 1486 2877 ἑαυτῷ
1513 2825 1541 2862 τε

378 2885 423 2938 καλ
441 2887 501 2939 τοῖς
520 2884 717 2948 ὑποκειμένοις
734 2883 901 2949 πράγμοςιν.
926 2881 1090 2951 Quintiliani
1110 2884 1146 2938 lX
1165 2885 1191 2952 2,
1211 2889 1251 2943 29
1263 2906 1326 2960 sq:
1356 2892 1421 2948 'llla
1445 2893 1540 2949 adhuc

377 2969 532 3024 audaciora
545 2968 732 3036 etmalorum,
753 3005 795 3021 ...
809 2967 937 3034 laterum,
956 2967 1082 3023 fictiones
1095 2985 1305 3042 personarum,
1326 2991 1408 3046 quae
1422 2994 1539 3045 προεω-

376 3052 508 3106 ποποιέαι
520 3053 658 3108 dicuutur.
685 3095 690 3108 .
705 3096 711 3106 .
725 3094 731 3106 .
751 3069 786 3108 ac
799 3057 865 3107 sunt
878 3053 1000 3122 quidam,
1020 3051 1132 3122 quibas
1147 3053 1271 3113 demum
1285 3062 1537 3126 προςωποποιλας

376 3137 483 3206 dicant,
502 3137 532 3192 iu
546 3137 647 3208 quibus
666 3143 693 3192 et
707 3153 825 3207 corpora
838 3141 866 3192 et
878 3137 965 3192 verba
976 3137 1121 3206 fingimus:
1141 3155 1303 3198 sermones
1317 3145 1474 3202 hominum
1486 3146 1535 3202 ad-

376 3223 524 3277 simulatos
538 3222 631 3277 dicere
645 3222 830 3285 διαλόγους
848 3221 964 3288 malunt,
984 3221 1059 3291 quod
1072 3221 1245 3280 Latinorum
1259 3227 1385 3297 quidam
1399 3230 1533 3286 dixerunt

375 3305 726 3361 sermocinationem’.
750 3305 900 3359 Praeterea
919 3305 1048 3359 conseras
1068 3307 1234 3375 exemplum
1261 3313 1532 3374 sermocinationis.

375 3391 452 3459 quod
470 3389 636 3446 Cornificius
653 3389 744 3455 1V52,
759 3390 795 3444 65
814 3389 902 3455 affert,
921 3389 969 3442 ubi
989 3393 1087 3443 auctor
1102 3393 1281 3464 narrationi,
1304 3413 1364 3467 qua
1385 3415 1531 3469 expugua-

375 3475 480 3530 tionem
496 3474 617 3529 alicuius
636 3473 714 3528 urhis
729 3474 820 3538 refert,
841 3473 1018 3542 colloquium,
1038 3473 1114 3542 quod
1133 3474 1229 3531 victor
1244 3481 1404 3552 superbus,
1426 3484 1529 3554 aliquis

374 3558 453 3626 civis,
476 3557 578 3612 mulier
596 3555 680 3611 huius
698 3555 772 3610 inter
791 3573 822 3612 ae
841 3555 954 3624 hahent,
974 3557 1080 3612 inserit.

465 3647 487 3716 ⁸)
506 3646 616 3713 Rohde,
641 3646 695 3700 Der
718 3645 892 3714 griechische
910 3647 1021 3702 Roman
1043 3646 1102 3701 und
1125 3647 1209 3705 scine
1230 3651 1427 3724 Vorlauler',
1452 3659 1527 3721 1900,

373 3747 399 3800 p.
414 3730 528 3800 364sq,
554 3729 599 3796 ci,
622 3733 653 3783 ut
676 3729 806 3798 exempla
828 3745 919 3798 pauca
937 3731 1096 3798 afferamus,
1121 3731 1256 3793 Senecae
1278 3747 1466 3798 controvers.
1485 3744 1527 3799 lt

373 3819 401 3869 ot
420 3815 541 3884 117(th
560 3822 588 3868 et
607 3813 878 3883 Pseudoquintiliani
897 3813 1135 3869 declamationum
1155 3819 1307 3877 maiorum
1327 3825 1400 3882 xlv.

463 3905 485 3973 ⁴)
510 3903 648 3970 Hercher,
672 3903 894 3971 Epistolographi
917 3903 1017 3959 Graeci
1042 3921 1066 3973 p.
1083 3905 1131 3958 12:
1160 3905 1311 3981 Ἐρωτικὴ
1338 3915 1412 3984 ἐςτι,
1437 3919 1472 3970 δι’
1491 3917 1521 3982 ἧς

372 3993 529 4060 ἐρωτικοὺς
542 3993 616 4059 πρὸς
627 3993 678 4044 τιλς
691 3992 837 4057 ἐρωμένας
850 3994 1055 4058 προςφέρομεν
1071 3994 1185 4056 λόγους,
1207 3998 1242 4052 Ἡ
1261 4001 1404 4072 έπιςτολή
1418 4023 1424 4033 ·
1442 4005 1522 4072 Ἐρῶ,

372 4085 441 4149 ἐρῶ,
455 4083 490 4147 νὴ
503 4083 557 4148 τὴν
571 4081 667 4148 θέμιν,
685 4083 737 4146 τῆς
750 4083 799 4145 <hc
812 4081 972 4146 εὐπρεποῦς
983 4097 1014 4136 τε
1028 4081 1071 4135 καλ
1085 4082 1230 4152 ἐρωτικῆς
1246 4097 1378 4160 μορφῆς
1391 4095 1440 4149 καλ
1452 4097 1522 4164 έριῖιν

372 4172 425 4224 οὐκ
438 4169 617 4236 αλςχὺνομαι·
636 4169 671 4222 τδ
684 4170 740 4235 γὰρ
754 4169 908 4235 εὐπρεπῶν
922 4170 990 4236 ἐρᾶν
1009 4171 1061 4224 οὐκ
1074 4169 1202 4238 αΙςχρόν.
1223 4175 1249 4230 εἰ
1269 4181 1305 4234 δέ
1318 4198 1354 4246 γε
1377 4185 1426 4239 καὶ
1438 4187 1522 4252 ψέξειέ

370 4275 413 4313 τις
433 4260 508 4312 δλως
528 4261 568 4312 ὼς
587 4259 708 4326 ἐρῶντα,
728 4257 813 4311 πάλιν
833 4259 872 4311 ὡς
891 4263 976 4325 καλῆς
995 4260 1147 4325 ἐφιέμενον
1168 4263 1364 4326 έπαινέςειεν,
