2978 4814
261 336 303 399 16
688 340 805 396 Victor
824 338 969 408 Cou10n‚

279 537 335 575 vss.
481 512 580 578 S—V
1108 511 1137 576 R

284 618 348 681 358
371 618 555 693 παλαιγενέε
579 635 654 681 oum
677 614 741 701 M†
945 615 1153 690 παλαιογενὲς
1176 633 1250 678 cum
1274 617 1305 680 A

283 720 347 783 371
373 719 512 799 *αἰθρίαε
536 719 631 799 οὔεηε
968 719 1088 796 αἰθρία(
1112 736 1186 782 cum
1209 718 1276 783 MA
1348 716 1351 721 ’

284 822 350 885 409
375 820 492 886 ὤπτων
517 842 592 888 eum
616 822 680 887 MA
855 819 965 885 όπτῶν
987 840 1012 884 r.
1029 818 1076 884 cf.
1093 819 1209 886 Kookii
1232 821 1337 888 adnot
1355 823 1394 889 ad

855 923 885 986 h.
902 942 930 986 v.

282 1029 349 1091 416
373 1028 442 1107 μήτ’
455 1028 583 1108 ἀριετάν
901 1027 975 1104 μήτε
999 1027 1125 1107 ἀριετάν
1148 1049 1222 1094 cum
1246 1030 1340 1116 MA†

283 1131 348 1194 432
373 1131 519 1210 ’γνώμας
551 1132 656 1197 οὐδείς
687 1133 800 1210 νικήεει
854 1133 982 1208 γνώμα(
1010 1132 1148 1210 μεγάλα(
1175 1133 1395 1215 οὐδεὶενικήεει

372 1236 519 1300 πλείονα(
547 1255 623 1300 cum
645 1234 711 1298 MA
855 1233 953 1296 πλέον

285 1339 347 1401 611
374 1338 485 1403 *ἕνεκα
979 1337 1084 1401 είνεκα
1107 1357 1181 1402 oum
1205 1337 1272 1403 MA

285 1441 349 1504 512
373 1440 489 1516 γένοιτ’
516 1441 678 1526 ἀνθρώπῳ
724 1460 798 1506 cum
883 1437 1008 1512 γένοιτο
1030 1440 1212 1524 τάνθρώπῳ
1237 1461 1313 1506 cum
1336 1443 1373 1508 M

284 1649 349 1711 589
374 1646 556 1727 ἐξαμάρτητ’
581 1666 655 1712 cum
678 1646 744 1711 MA
885 1644 1109 1725 ἐξαμαρτάνητ’
1133 1665 1195 1711 seo.
1211 1646 1349 1734 Ηοτννηι

285 1752 349 1815 595
373 1751 449 1816 αὖτε
476 1771 551 1815 cum
574 1749 639 1814 MA
1032 1749 1185 1834 αὐτῶιγγ

285 1854 349 1917 624
373 1854 611 1933 ἱερομνημονεῖν
636 1873 710 1918 cum
733 1852 800 1917 MA
893 1849 1050 1929 ἐπιμηνεῑν
1073 1870 1136 1917 seo.
1151 1852 1314 1941 Ηοκννηίηι
1461 1933 1463 1936 ¹

285 1957 349 2019 645
373 1957 592 2041 ἡμιεκτέοογηι
617 1976 658 2021 ex
688 1977 717 2020 v.
735 1957 799 2020 643
855 1953 1016 2032 ἡμιεκτέον
1047 1974 1121 2019 eum
1150 1958 1181 2020 A
1210 1960 1324 2039 ί-ταῑον
1347 1959 1395 2047 Μ)

373 2078 541 2143 perperam
583 2059 709 2124 illatum
753 2059 801 2122 vi-

375 2162 476 2228 detur.

285 2266 349 2330 700
373 2265 496 2345 τρόπον
534 2286 568 2331 τε
606 2257 721 2330 (αυτὸν
757 2268 802 2348 (τε
909 2264 1030 2340 τρόπον
1054 2263 1081 2326 τ’
1097 2265 1130 2328 ἐκ
1154 2259 1305 2351 αιίτὸνγγι

375 2389 435 2433 om.
453 2368 529 2451 MA)

286 2472 350 2536 730
375 2470 621 2551 ἀποστερητρίδα
644 2492 720 2537 cum
735 2472 801 2539 MA
856 2469 1396 2556 ἀποετερητικὴνιιαίοςίοοεοιοαίο

856 2579 911 2636 aut
932 2572 1056 2638 scribae
1080 2574 1207 2639 incuria
1226 2581 1331 2642 ortum
1352 2599 1395 2645 ex

856 2695 885 2739 ν.
903 2678 976 2740 728.

286 2782 349 2844 771
375 2781 433 2844 ώδί
458 2801 532 2845 cum
557 2780 652 2868 MA†
1096 2779 1161 2846 ὼδε

286 2884 350 2947 832
374 2887 529 2949 τοεοῡτον
554 2905 627 2950 cum
646 2885 712 2950 MA
856 2883 1058 2968 τοεοῡτοηήι
1083 2883 1129 2949 cf.
1149 2884 1313 2968 Blaydesii
1338 2888 1395 2952 ad·

857 2991 921 3050 not.
938 2987 977 3051 ad
999 2987 1029 3051 h.
1042 3007 1071 3051 ν.

287 3090 351 3153 966
376 3090 565 3169 *κρημνώδη
623 3093 801 3173 (κριμνώδη
857 3094 1018 3168 κριμνώδη
1036 3110 1110 3155 oum
1125 3089 1192 3155 AM
1207 3111 1395 3173 οοιτοκρι·

376 3189 527 3275 61311199)
640 3219 643 3233 ·
858 3197 990 3271 μνώδειε

287 3297 351 3359 995
376 3296 517 3375 *μέλλετε
534 3296 666 3376 τᾶγαλμ’
682 3297 722 3379 (V
739 3316 802 3364 sec.
858 3297 975 3373 μέλλει(
1017 3296 1148 3377 τᾶγαλμ’
1187 3297 1395 3368 ἀναπλάττειν

374 3399 481 3464 Herm
495 3399 607 3480 ἄγαλμ’
618 3403 650 3483 S)
663 3402 803 3481 ἀνοπλή-
857 3399 985 3479 (μέλλεις
1003 3399 1145 3480 τάγαλμα
1161 3403 1191 3466 Λ
1208 3403 1325 3469 omisso
1344 3407 1394 3470 in-

376 3524 437 3569 εειν
467 3523 541 3568 cum
565 3503 608 3586 M,
637 3505 671 3567 in
696 3524 762 3587 quo
785 3526 803 3569 τ
856 3500 998 3588 finitivo)

376 3611 450 3671 ante
470 3605 581 3685 ἄγαλμ’
598 3627 723 3671 erasum
745 3610 801 3672 est

265 3709 349 3772 1171
374 3711 434 3787 τὴν
457 3711 568 3788 χροιὰν
593 3728 668 3773 cum
692 3707 758 3772 MA
986 3713 1041 3787 τῆε
1064 3713 1230 3797 χροιάεηήι

266 3813 352 3875 1172
376 3815 436 3877 νῦν
461 3812 518 3890 μέν
537 3812 567 3889 γ’
584 3811 658 3876 ίδεῑν
675 3808 802 3892 εἶπρῶ-
856 3814 918 3876 νῦν
948 3814 1004 3891 μέν
1027 3813 1056 3888 γ’
1073 3815 1149 3878 ίδεῑν
1176 3819 1308 3894 πρῶτον
1338 3821 1394 3897 μὲν

376 3935 434 3979 τον
458 3933 533 3978 cum
556 3914 622 3978 MA
857 3918 928 3999 (om.
945 3911 1038 4001 ei)††

266 4018 351 4082 1203
376 4016 509 4096 πρόβατ’
534 4037 608 4082 cum
631 4017 698 4082 MA
1072 4021 1165 4104 om.†

265 4120 352 4183 1474
376 4122 532 4198 χυτρεοῦν
555 4140 629 4184 cum
653 4119 716 4184 MA
996 4124 1222 4207 χυτραιοθνγγι
