3406 4786
172 337 319 407 Epistulae
332 335 486 394 amatoriae
500 335 642 406 quomodo
653 337 825 393 cohaereant
842 353 905 393 cum
921 336 1018 407 elegiis
1028 335 1234 392 Alexandrinis.
1264 331 1304 394 91

172 509 303 593 saepius
327 508 458 592 quidem
481 528 557 574 cum
580 507 688 573 Ovidii
711 509 890 592 praeceptis
913 508 967 573 ille
992 509 1165 591 consentit,
1190 508 1248 574 sed
1271 511 1306 573 in

172 611 399 675 communibus
425 612 519 693 tocie,
550 610 735 694 exquibus
763 609 803 675 de
830 611 920 675 tonte
947 611 1029 674 nihil
1057 611 1263 677 concluditur
1275 616 1306 692 ¹).

172 715 261 781 Talia
282 717 391 801 igitur,
415 718 443 781 si
462 717 497 779 in
514 716 660 800 epistulis
676 716 838 800 leguntur,
857 721 994 799 possunt
1017 716 1115 780 etiam
1137 734 1306 780 romanen-

173 820 264 883 sibus
275 818 394 883 iabulis
407 818 526 901 deberi,
542 819 620 883 siin
636 819 740 903 elogia
754 822 810 883 aut
825 819 888 884 illis
904 823 961 885 aut
975 818 1305 899 declamationibus2).

267 979 287 1050 ¹)
304 978 440 1034 Conferas
459 977 538 1035 Ouid.
558 978 616 1033 Art.
636 978 726 1033 Amat.
746 978 898 1048 1613qu

316 1070 375 1125 Nec
393 1069 471 1124 credi
489 1069 570 1124 labor
589 1073 639 1123 est.
666 1067 725 1122 Sibi
744 1084 871 1138 quaeque
891 1069 1001 1123 videtur
1019 1069 1150 1125 amanda.

351 1154 480 1209 Pessima
498 1154 543 1221 sit,
562 1154 634 1209 nulli
652 1170 711 1209 non
730 1171 783 1209 sua
801 1154 893 1209 forma
912 1156 1012 1224 placet.

172 1245 312 1300 etAchill.
326 1245 383 1299 Tat.
396 1245 451 1299 19:
471 1245 545 1298 θέλει
563 1247 618 1309 γὰρ
638 1245 738 1310 ἑκαςτη
757 1247 819 1298 τῶν
838 1245 992 1312 παρθένων
1012 1244 1083 1299 εἶναι
1102 1245 1171 1312 καλὴ
1192 1245 1237 1299 καί
1257 1261 1305 1312 φι-

171 1331 297 1396 λουμένη
311 1329 402 1396 χαίρει
415 1329 460 1383 καί
473 1329 580 1383 έπαινεῑ
591 1333 642 1396 τῆς
659 1329 815 1397 μαρτυρίας
830 1333 883 1384 τὸν
901 1334 1049 1397 φιλοῦντα.
1070 1332 1121 1384 κᾶν
1141 1331 1177 1398 μή
1197 1332 1301 1399 petrici]

169 1431 212 1469 τις
237 1415 336 1481 αὐτήν,
360 1415 443 1468 οὔπω
463 1413 646 1469 πεπίςτευκεν
670 1414 741 1469 είναι
766 1415 844 1482 καλή,
868 1416 900 1469 ἓν
919 1416 971 1468 οίιν
991 1431 1033 1471 ςοι
1052 1417 1184 1481 παραινῶ
1204 1417 1303 1481 μόνον,

170 1502 287 1567 ἐρᾶςθαι
310 1500 492 1564 πιςτευςάτω,
518 1499 563 1553 καί
580 1499 691 1566 ταχέως
714 1513 743 1554 ςε
762 1501 910 1567 μιμὴςεται
934 1504 963 1554 et
986 1500 1112 1555 eiusdem
1131 1500 1225 1557 Ovidii
1244 1501 1303 1555 Art.

168 1586 262 1640 Amat.
282 1584 419 1655 1673174:

366 1669 428 1725 Vim
447 1669 513 1724 licet
531 1670 665 1739 appelles,
685 1672 765 1739 grata
784 1673 827 1725 est
845 1670 889 1724 vis
908 1670 964 1726 ista
982 1670 1097 1740 puellis:

404 1755 484 1825 Quod
503 1755 590 1822 iuvat,
609 1754 715 1810 invitae
735 1771 820 1824 saepe
841 1754 954 1810 dedisse
973 1757 1080 1810 volunt.

168 1848 198 1899 et
216 1843 335 1899 Achillis
354 1844 428 1899 Tatii
447 1844 519 1899 110:
545 1845 597 1897 κᾶν
618 1846 668 1909 μέν
687 1851 779 1914 apocr]
799 1846 984 1912 sacraverim
1003 1849 1055 1912 τῆς
1074 1845 1214 1912 προίξεως,
1234 1848 1303 1899 πολ-

168 1931 248 1984 λάκις
267 1931 298 1983 δέ
316 1929 361 1983 καί
374 1931 485 1983 ἑκοῦςαι
504 1931 578 1997 πρὸς
596 1931 630 1983 τὸ
649 1930 735 1996 ἔργον
753 1931 905 1997 ἐρχόμεναι
923 1931 1033 1984 Θέλουςι
1052 1931 1191 1996 βιαζεςθαι
1208 1933 1304 1985 δοκεῖν

169 2021 199 2071 et
218 2016 276 2071 Art.
296 2016 387 2071 Amat.
406 2016 429 2069 ll
445 2015 499 2070 345
509 2031 566 2085 sq.:

385 2104 442 2158 Fac
461 2102 512 2157 tibi
532 2106 716 2158 consuescat:
736 2100 776 2155 nil
795 2100 983 2156 adsuetudine
1002 2102 1104 2170 maius,

422 2188 512 2255 Quam
531 2195 562 2242 tu
581 2187 647 2242 dum
666 2187 770 2257 capias,
790 2187 886 2242 taedia
903 2189 983 2242 nulla
1001 2188 1081 2258 iuge!

167 2284 196 2334 et
215 2278 315 2333 Achill.
328 2278 387 2333 Tat.
406 2279 461 2332 19:
484 2279 613 2343 μέγιςτον
624 2278 679 2344 γάρ
694 2278 766 2331 ἐςτιν
780 2278 902 2343 ἐφόδιον
921 2277 959 2331 είς
978 2280 1070 2331 πειθὼ
1089 2278 1207 2345 ςυνεχής
1225 2280 1301 2345 πρὸς

166 2364 320 2430 ἐρωμένην
345 2361 440 2428 ὁμιλία
467 2362 608 2433 (conferas
631 2362 743 2431 Rohde,
771 2363 827 2417 Der
851 2363 1025 2432 griechische
1048 2364 1180 2418 Roman¹
1204 2379 1230 2432 p.
1248 2362 1302 2417 512

168 2448 266 2504 adnot.
284 2447 321 2518 4).

261 2533 281 2602 ¹)
301 2532 428 2588 Breviter
449 2533 484 2588 de
508 2532 629 2602 epistula
652 2533 716 2586 124
738 2532 909 2587 Aristaeneti
928 2549 1054 2602 agamus,
1079 2549 1135 2603 qua
1159 2533 1300 2599 meretrix,

166 2633 241 2688 quae
254 2634 341 2672 unum
355 2622 510 2673 amatorem
524 2618 587 2672 aliis
600 2618 731 2687 praefert,
742 2618 869 2673 scribens
883 2617 1033 2672 inducitur.
1047 2618 1217 2687 Meretrices,
1227 2634 1302 2687 quae

166 2705 222 2758 hoc
248 2719 327 2758 more
352 2707 478 2771 utuntur,
503 2703 534 2757 in
557 2702 711 2757 comoediis
737 2701 859 2757 inveniri
885 2719 921 2756 ex
943 2703 1034 2757 Plauti
1058 2702 1233 2757 Mostellaria
1254 2703 1302 2757 13

166 2787 262 2857 colligi
280 2792 381 2856 potest.
410 2787 503 2843 Prima
526 2792 606 2857 parte
630 2787 769 2856 epistulae
788 2787 983 2841 Aristaenetus
1007 2790 1149 2842 amatores
1172 2788 1301 2857 repulsos

166 2876 318 2943 querentes
337 2872 446 2928 inducit
465 2889 504 2940 se,
525 2873 654 2942 quamvis
673 2871 785 2938 divites,
805 2872 841 2926 ab
861 2876 987 2926 amatore
1006 2888 1130 2941 paupere
1153 2877 1301 2941 superatos

166 2973 239 3012 esse.
269 2957 405 3012 Similiter
430 2962 515 3028 atque
540 2957 735 3012 Aristaenetus
762 2955 877 3010 Charito
903 2956 1063 3011 tabulamm
1088 2957 1300 3011 romanensium

165 3042 287 3111 scriptor
306 3041 513 3108 adulescentes,
533 3041 581 3111 qui
600 3042 723 3110 graviter
742 3041 843 3109 ierunt,
868 3042 943 3112 quod
967 3058 985 3097 a
1008 3041 1165 3097 Callirrhoe
1188 3045 1301 3111 propter

166 3126 324 3182 Chaeream
341 3127 428 3196 spreti
446 3127 511 3195 sint,
528 3129 676 3196 loquentes
694 3127 809 3182 inducit.
834 3126 874 3180 Cf.
888 3127 1096 3181 Aristaenetum
1113 3126 1186 3181 124:
1206 3128 1301 3193 παρὸν

165 3214 222 3279 γάρ
236 3228 279 3266 ςοι
291 3211 508 3278 χρηματίζεςθαι
520 3213 586 3280 παρ’
600 3213 693 3278 ἡμῶν,
710 3213 864 3280 ὑπερορᾷς,
882 3214 988 3278 προῖκα
1008 3213 1040 3265 δέ
1055 3213 1133 3280 μόνῳ
1146 3217 1188 3280 τῷ
1203 3212 1300 3265 Λὺςιδι

164 3283 284 3364 τὴνςὴν
298 3298 455 3352 ἐκδέδωκας
468 3299 558 3364 ὥραν,
577 3296 623 3352 καὶ
636 3298 704 3351 οίιδέ
716 3300 793 3366 καλῷ
810 3295 961 3366 μειρακίῳ·
981 3298 1058 3350 οὕτω
1071 3299 1126 3364 γὰρ
1142 3298 1176 3350 ἂν
1189 3297 1225 3363 ἢν
1245 3314 1300 3364 φο-

168 3383 258 3450 ρητὸν
275 3383 339 3437 ἑνὸς
356 3384 427 3446 δγαν
443 3383 604 3449 εὐπρεποῦς
620 3384 755 3449 ἡττᾶςθαι
765 3384 928 3446 τοςοίπους,
940 3382 982 3436 tol
996 3383 1058 3437 δ’ἂν
1070 3385 1159 3449 τυχὸν
1174 3383 1299 3447 ςυνέγνω

165 3485 208 3524 τις
222 3469 361 3536 ἐρωτικὸν
374 3470 475 3523 κάλλος
493 3471 605 3536 ἄμαχον
618 3469 810 3538 προκρινοὺςη
825 3469 984 3536 χρημάτων
1003 3473 1031 3523 εί
1043 3467 1226 3523 Charitonem
1240 3469 1251 3522 1
1267 3469 1299 3523 2:

166 3553 190 3609 et
202 3555 252 3619 μέν
264 3569 307 3607 τις
319 3553 347 3608 ἐξ
360 3554 442 3620 ἡμῶν
452 3555 564 3621 ἔγημεν,
579 3556 630 3608 οὐκ
643 3556 678 3608 ἂν
691 3554 836 3622 ὠργίςθην
897 3555 913 3607 δ
927 3555 958 3608 δέ
971 3553 1081 3619 πόρνος
1094 3552 1139 3607 καὶ
1151 3555 1239 3619 πένης
1252 3553 1300 3607 καί

168 3639 291 3705 μηδενὸς
310 3637 447 3705 κρείττων
467 3640 602 3704 βαςιλέων
621 3640 844 3705 ἀγωνιςαμένων
861 3639 947 3693 αίιτὸς
967 3637 1074 3692 ἀκονιτί
1092 3639 1144 3691 τὸν
1158 3639 1300 3704 ςτέφανον

165 3725 267 3791 ἡρατο.
296 3723 473 3793 Quamquam
497 3725 615 3793 singulis
639 3725 670 3778 in
698 3725 783 3779 rebus
805 3725 957 3793 scriptores
979 3723 1150 3778 dissentiunt
1174 3753 1208 3762 -
1231 3723 1301 3778 adu·

165 3811 307 3865 lescentes
319 3808 492 3863 Aristaeneti
511 3809 621 3878 puellae
634 3809 807 3879 persuadere
826 3809 949 3875 student,
968 3812 1000 3863 ut
1018 3824 1115 3862 amore
1127 3807 1238 3878 Lysidis
1255 3808 1300 3862 de-

165 3896 258 3964 sistat,
279 3893 440 3950 charitonis
454 3895 614 3963 consulunt,
633 3894 774 3965 quomodo
789 3893 944 3948 Chaeream
963 3910 981 3947 a
994 3891 1150 3948 Callirrhoe
1168 3899 1301 3962 separent

165 4012 208 4049 -,
230 3985 327 4035 tamen
339 3979 471 4049 cognatio
491 3980 631 4049 quaedam
651 3980 725 4034 inter
744 3978 894 4048 epistulam
914 3982 941 4032 et
960 3977 1085 4032 tabulam
1100 3994 1300 4033 romanensem

165 4065 352 4135 conspicitur;
372 4080 439 4119 nam
459 4065 702 4134 epistolographus
722 4067 750 4118 et
768 4064 889 4132 scriptor
907 4063 1020 4118 fabulae
1039 4062 1217 4118 romanensis
1236 4079 1300 4132 pro·

165 4150 350 4222 sopopoeiam
366 4155 523 4205 amatorum
538 4150 665 4218 divitum,
685 4150 787 4219 quihus
798 4165 906 4219 pauper
924 4152 952 4202 et
964 4147 1114 4202 humiliore
1133 4148 1196 4203 loco
1215 4151 1300 4203 natus

164 4237 336 4293 adulescens
355 4235 391 4290 ab
410 4240 506 4291 amata
524 4236 620 4305 puella
638 4235 782 4304 praelatus
801 4238 852 4302 est,
872 4237 1054 4302 componunt.
