3406 4786
174 327 321 398 Epistulae
331 326 486 381 amatoriae
500 325 642 396 quomodo
657 325 829 380 cohaereant
842 340 906 378 cum
919 322 1016 393 elegiis
1026 322 1235 378 Alexandrinis.
1265 316 1307 379 25

171 503 281 566 πκούι
304 498 502 580 scribebant,
533 503 565 562 et
596 498 682 562 sicut
709 497 852 562 carmina
881 495 1011 580 saepius
1041 493 1191 560 absentes
1222 494 1308 559 adlo-

172 603 321 683 quuntur
336 635 379 645 -
396 617 461 681 qua
476 596 517 662 de
534 615 569 660 re
584 596 669 660 inira
684 594 843 680 agendum
861 595 923 660 erit
937 631 990 676 -,
1005 595 1050 658 ita
1065 594 1129 677 ipsi
1143 591 1308 657 interdum

171 699 323 764 absentes
346 697 567 779 adloquuntur
584 695 786 778 formamque
805 692 966 759 inducunt
983 693 1120 758 similem
1142 692 1307 777 epistulae.

264 801 339 866 Non
369 800 462 864 aliter
491 802 587 882 atque
618 797 658 863 de
688 797 814 880 Lysiae,
848 796 888 861 de
916 796 1049 880 figurati
1079 795 1307 861 Demosthenis

170 906 295 971 erotica
327 902 517 968 iudicamus.
563 902 689 967 Rursus
719 900 846 983 Blass¹)
876 906 1039 966 auctorem
1071 901 1141 964 eius
1170 900 1308 964 formam

169 1007 383 1093 epistularem
405 1004 599 1088 adhibuisse,
627 1025 702 1070 cum
725 1004 927 1089 Epicratem)
952 1024 1042 1089 puer,
1071 1004 1128 1087 qui
1156 1003 1307 1069 laudibus

168 1112 317 1191 effertur,
341 1108 418 1173 dum
441 1109 582 1173 eroticus
605 1108 768 1189 recitatur,
792 1107 884 1189 adsit,
907 1113 1011 1192 negat.
1043 1107 1105 1172 Cui
1128 1109 1307 1173 sententiae

169 1213 355 1278 Guilelmus
385 1211 541 1276 Crocnert
571 1210 757 1295 nuperrime
790 1209 986 1276 contradixit
994 1214 1028 1293 ³).
1075 1210 1139 1288 out
1171 1211 1306 1294 probare

167 1317 243 1381 vult
269 1315 361 1380 illum
386 1316 541 1379 creticum
568 1313 737 1398 epistulam
766 1333 846 1396 esse,
875 1334 951 1379 cum
979 1315 1114 1398 exponit
1140 1316 1306 1380 auctorem

167 1420 260 1484 illius
279 1418 397 1501 Lysiae
420 1417 539 1481 librum
547 1420 573 1498 ⁴)
600 1418 636 1480 in
658 1417 824 1482 nonnullis
847 1417 945 1483 rebus
968 1417 1105 1498 imitari3
1130 1423 1195 1482 tam
1219 1420 1306 1484 enim

167 1523 225 1587 ille
254 1542 351 1606 quam
382 1521 436 1586 hic
465 1521 654 1605 scriptorem
685 1522 798 1586 erotici
825 1521 933 1605 ipsum
959 1520 1079 1586 librum
1111 1541 1207 1586 suum
1239 1543 1305 1589 non

169 1629 384 1706 enarrantem,
408 1622 466 1689 sed
488 1624 676 1689 recitantem
699 1624 820 1706 facito.
861 1623 932 1702 Qua
959 1624 999 1689 de
1025 1643 1122 1689 causa
1150 1625 1306 1692 Oroenert

168 1724 316 1790 codicem
336 1725 365 1788 Φ
390 1729 422 1788 et
444 1723 685 1807 Spengelium⁶)
709 1725 840 1788 secutus
859 1724 898 1788 ὃν
917 1724 1092 1802 ἐβουλήθην
1118 1723 1246 1790 ἀκούειν
1269 1725 1304 1788 in

168 1828 331 1907 ἐβουλήθη
351 1827 480 1892 ἀκούειν
501 1827 645 1894 mutavit.
669 1825 837 1909 Inprimis
856 1832 963 1890 autem
980 1824 1094 1891 doctus
1112 1826 1168 1892 ille
1187 1829 1239 1891 vir
1261 1847 1304 1894 ex

168 1930 291 2009 caraxe
303 1928 411 2011 verbo,
428 1928 514 2011 quod
530 1929 565 1993 in
580 1929 648 1992 fine
665 1929 778 1993 erotici
789 1928 936 2013 legimus,
948 1929 1031 1993 hanc
1044 1930 1215 2014 epistulam
1231 1950 1304 1996 esse

168 2032 344 2098 concludit.
371 2031 492 2111 εὐτύχει
512 2032 599 2096 enim
619 2032 696 2096 item
718 2038 757 2096 ut
774 2032 899 2112 ἔρρωιο
918 2034 952 2096 in
971 2033 1039 2098 fine
1059 2033 1269 2116 epistularum
1281 2036 1304 2115 ⁷)

167 2137 245 2221 poni
275 2135 365 2200 solet
407 2135 473 2199 Iam
506 2135 602 2200 velim
632 2142 857 2220 argumentum
889 2135 1000 2200 erotici
1030 2136 1128 2200 huius
1159 2157 1234 2202 curn
1262 2138 1304 2203 iis

168 2241 326 2322 conferas,
343 2259 426 2322 quae
442 2259 540 2324 supra
555 2239 595 2304 de
607 2239 725 2321 Lysiae
742 2238 889 2323 epistulis
905 2238 1067 2303 amatoriis
1083 2241 1303 2324 exposuimus

167 2343 352 2425 Utrumque
371 2348 535 2408 auctorem
553 2343 718 2407 rhetorum
742 2350 913 2426 praecepta
931 2348 1078 2407 secutum
1098 2344 1133 2407 in
1152 2342 1303 2409 laudibus

166 2466 342 2531 puerorum
358 2446 480 2511 versari
496 2446 675 2529 conspicies
685 2448 708 2526 Β)
723 2446 775 2528 (ci.
793 2465 860 2530 cap.
875 2447 1006 2510 10-32
1026 2446 1140 2511 erotici
1160 2446 1303 2513 Pseudo·

261 2597 280 2664 ¹)
298 2596 425 2651 Attische
445 2596 656 2652 Beredsamlreit
674 2598 700 2651 1²
718 2614 744 2667 p.
757 2597 821 2651 424.

258 2682 280 2750 ί)
299 2681 605 2736 Pseudodemosthenis
615 2683 766 2748 Ἐρωτικός
778 2682 861 2752 (orat.
872 2681 917 2749 61)
932 2698 992 2752 cap.
1001 2683 1033 2737 2:
1048 2683 1145 2750 ἐπειδὴ
1160 2681 1205 2737 καλ
1216 2684 1302 2738 aurbs

166 2764 235 2830 ήκει,
256 2763 290 2816 ὃν
310 2763 471 2829 ἐβουλήθην
491 2764 609 2831 ἀκούειν,
629 2764 805 2830 Ἐπικράτης.

257 2848 280 2917 ⁸)
300 2846 455 2903 Guilelmus
474 2847 610 2903 Croenert
629 2848 659 2901 in
679 2863 800 2902 censura
818 2846 898 2902 Pauli
916 2847 1074 2902 Wendland
1097 2848 1169 2916 libri,
1194 2849 1241 2919 qui
1259 2848 1303 2904 in·

166 2929 299 2984 scribitur
310 2928 499 2983 Anaximenes
512 2945 569 2982 von
582 2928 765 2998 Lamponius,
779 2928 924 2997 thtiuger
937 2928 1061 2997 gelehrte
1075 2928 1218 2999 Anzeigen
1232 2930 1302 2986 1907

166 3026 191 3079 p.
206 3011 260 3064 272
270 3025 330 3078 sqq.

257 3094 280 3164 ⁴)
300 3094 436 3149 Conleras
455 3094 541 3149 etiam
554 3094 672 3148 Paulum
685 3094 851 3162 Wendland,
869 3095 1061 3150 Anaximenes
1077 3112 1103 3149 v.
1116 3096 1302 3166 Lampsalrus,

167 3179 261 3234 Berlin
283 3179 360 3246 1905,
380 3179 427 3249 qui
447 3178 482 3233 de
495 3178 600 3234 erotico
619 3196 645 3248 p.
656 3180 691 3234 79
710 3179 750 3235 ita
769 3179 890 3234 iudicat:
914 3180 981 3234 ‘Der
994 3180 1125 3235 Erotikos
1141 3180 1178 3234 ist
1194 3181 1237 3235 als
1255 3180 1302 3234 ein

167 3270 214 3333 gut
240 3263 384 3319 stilisirtes
410 3262 535 3317 Produkt
560 3263 610 3318 der
634 3264 973 3319 Durchschuittsrhetorik
1005 3264 1055 3319 des
1083 3266 1193 3320 vierten
1219 3265 1302 3320 Jahr-

167 3349 311 3413 hunderts‚
330 3365 363 3403 so
381 3347 583 3403 unhedeutend
602 3348 664 3402 sein
682 3349 775 3404 lnhalt
794 3349 838 3416 ist,
858 3349 939 3404 recht
957 3350 1145 3406 interessent.

258 3434 279 3502 ὅ)
299 3433 339 3488 Cl.
359 3433 608 3488 Pseudodemosth.
630 3433 734 3488 Erotici
754 3450 814 3503 cap.
827 3435 850 3488 1.
865 3435 889 3489 2.

259 3519 280 3585 ⁸)
299 3518 461 3588 Philologus
482 3519 515 3573 17
535 3518 627 3588 (1861)
647 3536 673 3588 p.
686 3520 748 3574 625.

260 3604 280 3673 ⁷)
300 3604 350 3673 Ct,
369 3608 400 3658 ut
419 3604 547 3674 exempla
566 3621 658 3673 pauca
677 3605 801 3672 afferam,
822 3605 957 3675 epistulas
976 3605 1089 3660 1.5.11
1109 3606 1243 3661 Platonis.

256 3690 278 3757 ⁸)
297 3690 325 3744 P.
340 3689 498 3745 Wendland
515 3691 532 3744 l.
543 3690 560 3744 l.
576 3690 644 3757 72‚1
659 3690 694 3745 de
708 3689 821 3745 eroticis
833 3691 874 3745 ita
887 3691 1015 3745 disserit:
1033 3691 1229 3760 ‘Atmosphttre
1242 3690 1302 3746 und

167 3775 323 3844 Stimmung
342 3775 436 3830 dieser
454 3776 607 3830 Litteratur
625 3775 695 3830 wird
717 3777 793 3831 wohl
817 3793 864 3831 am
887 3777 988 3831 hesten
1006 3776 1193 3831 verdeutlicht
1212 3777 1302 3832 durch

168 3860 211 3914 die
232 3860 367 3915 Gedichte
391 3860 440 3914 der
461 3862 563 3915 Mobcn
581 3861 695 3927 ποιοική
722 3861 752 3914 in
776 3861 826 3915 der
849 3861 1101 3930 theognideischen
1119 3861 1300 3932 Sammlung’.

167 3944 266 3998 Merito
285 3944 442 3998 Wendlaud
465 3949 565 4013 putare
588 3944 700 3999 videtur
719 3945 917 4015 cognationem
937 3947 1079 4015 quandam
1102 3948 1176 4002 inter
1195 3948 1301 4017 elegias

168 4031 256 4099 quinti
274 4031 382 4086 saeculi
402 4035 430 4085 et
443 4031 566 4086 eroticos
578 4031 761 4086 intercedere.
782 4033 841 4087 lam
854 4048 941 4101 supra
953 4032 1041 4086 Eueni
1059 4032 1203 4102 sophistae
1222 4050 1301 4088 men·

167 4116 272 4170 tionem
285 4115 413 4183 lecimus,
428 4116 475 4186 qui
489 4124 517 4171 ct
530 4116 651 4171 creticos
665 4121 693 4170 et
706 4117 812 4186 elegias
829 4117 949 4187 scripsit.
970 4117 1041 4172 Sunt
1053 4122 1148 4172 autem
1161 4121 1190 4172 et
1202 4119 1301 4174 erotici

168 4206 195 4255 et
219 4201 326 4270 elegiae
350 4217 454 4271 magna
472 4218 507 4256 ex
525 4207 605 4270 parte
625 4201 829 4268 προτρεπτικοί
849 4205 923 4270 πρὸ(
942 4204 1046 4273 ἔροιτο,
1069 4207 1101 4267 ut
1119 4203 1205 4259 etiam
1224 4204 1300 4274 inde,

168 4285 307 4356 quomodo
326 4286 399 4340 inter
419 4302 449 4340 se
469 4292 590 4356 cognata
608 4287 666 4341 sint
683 4287 754 4342 haec
773 4303 884 4357 genera,
904 4291 1007 4357 pateat.
