3308 4938
153 395 339 464 Quaestiones
349 396 556 452 Tertulliencae
566 397 602 452 ad
612 396 714 452 librum
728 398 870 453 Adversus
880 398 1008 454 Praxean
1022 399 1202 469 pertinentes.
1240 396 1281 458 73

244 569 324 635 230!
330 569 370 631 12
394 565 498 650 (atel)
517 567 666 633 codicum
684 569 857 634 lectionem
875 576 994 635 rectam
1013 591 1078 634 non
1098 591 1168 637 esse
1187 573 1282 637 facile

155 774 339 854 humerus,
364 772 555 858 ‘dispositio’
580 778 612 838 et
635 773 783 856 ‘divisio’‚
807 775 1050 841 ‘oitvonomia'a
1073 778 1282 861 sequentibus

153 876 260 941 verbis
284 877 425 960 separari
448 897 514 941 non
536 879 648 960 potest.
681 877 714 942 Si
733 877 1001 962 Engelbrechtius
1022 881 1283 946 coniunctionem

154 979 315 1044 causalem
331 977 440 1062 ‘quod’
456 979 604 1062 restituit
621 984 732 1045 contra
748 1000 823 1046 eum
835 981 943 1046 dicere
960 982 1068 1046 nolim.
1089 982 1152 1046 Sed
1168 985 1284 1048 matius

154 1103 225 1148 esse
237 1087 314 1166 puto
327 1087 399 1167 post
411 1084 653 1168 ‘expavescunt’
665 1086 808 1168 graviter
818 1086 1012 1168 interpungi
1025 1086 1070 1148 ita
1081 1087 1119 1150 ut
1127 1086 1283 1169 scriptum

153 1186 312 1271 legamus:
338 1187 517 1271 ‘Simplices
541 1237 595 1251 ...
620 1191 858 1270 expavescunt3
878 1188 1091 1252 oihonomiam
1111 1209 1283 1254 numerum

156 1293 188 1354 et
206 1289 448 1373 dispositionem
469 1290 620 1353 trinitatis
637 1289 830 1355 divisionem
845 1297 1057 1374 praesumunt
1072 1292 1252 1374 unitatis..
1266 1294 1284 1356 .'

154 1392 241 1474 quod
272 1395 336 1456 est:
369 1393 492 1459 Πάντες
521 1396 582 1472 γὰρ
614 1393 644 1458 ot
675 1393 794 1459 ἰδιῶται
897 1395 937 1459 οὐ
969 1396 1195 1470 γιγνώςκοντες
1227 1397 1284 1460 ἕνα

154 1497 256 1574 μόνον
289 1497 378 1577 θεόν,
408 1500 527 1562 τοῦτον
555 1501 591 1562 δὲ
620 1500 674 1562 ςὺν
697 1503 734 1580 τῇ
764 1499 882 1562 ἑαυτοῦ
913 1498 1080 1580 οἰκονομίᾳ
1109 1501 1284 1580 νομιςτὲον,

157 1599 385 1677 ἑκφοβοῡνται·
410 1601 467 1676 τήν
492 1599 677 1678 οἰκονομίαν
697 1595 829 1678 ἀριθμὸν
848 1601 897 1662 καὶ
916 1603 973 1678 τὴν
992 1604 1048 1677 τῆς
1066 1601 1196 1679 τριάδος
1220 1602 1285 1664 διά-

156 1705 237 1765 θεςιν
260 1701 536 1780 προλαμβάνουςιν
566 1697 643 1767 εἶναι
670 1708 726 1781 τῆς
750 1703 891 1782 μονάδος
915 1705 1069 1784 διαίρεςιν,
1098 1685 1207 1783 καίάερ
1230 1708 1285 1781 τῆς

156 1804 311 1884 μονάδος,
342 1803 374 1869 ἐξ
405 1805 516 1882 ἑαυτῆς
547 1807 751 1884 παραγούςης
781 1808 838 1883 τήν
866 1806 993 1884 τριάδα,
1023 1805 1076 1868 ὑπ’
1098 1805 1216 1884 ἐκείνης
1244 1810 1284 1885 μή

158 1908 371 1988 διαλυομένης,
391 1907 459 1972 ἀλλ’
483 1908 760 1986 οίκονομουμίνης.
785 1905 1031 1990 Expavescendi
1050 1907 1183 1970 verbum
1203 1908 1285 1971 bene

158 2008 303 2074 absolute
316 2010 393 2093 poni
404 2029 498 2094 posse
511 2011 749 2076 demonstratur
763 2012 834 2075 loco
846 2011 945 2075 Plinii
957 2011 1028 2074 Nat.
1039 2010 1121 2074 Hist.
1132 2011 1249 2074 XXIII
1256 2037 1284 2076 aa

155 2113 215 2194 (ed.
240 2112 397 2194 Mayhoft.
422 2114 469 2176 IV
494 2135 522 2198 p.
543 2113 640 2197 lota)
671 2114 793 2196 ‘neque
824 2112 1114 2197 expavescentibus
1142 2113 1285 2196 repente’

157 2222 189 2280 et
212 2217 344 2293 Quintil.
362 2217 439 2282 Inst.
456 2239 499 2282 or.
516 2218 564 2282 Vl
576 2245 598 2301 e,
611 2240 655 2283 ar:
687 2218 763 2281 ‘nou
787 2221 985 2301 expavescet
1008 2219 1249 2282 circumventus
1259 2217 1285 2281 δ’

158 2318 193 2382 In
211 2339 259 2400 οο,
276 2318 362 2402 quod
379 2321 529 2403 ‘quando'
547 2321 743 2386 contrarium
759 2320 803 2383 ibi
820 2319 955 2403 inducit,
969 2319 1200 2385 offendendum
1219 2341 1285 2384 non

159 2433 214 2503 est
234 2423 274 2486 ci.
291 2421 427 2488 Henrici
443 2423 572 2507 Hoppei
594 2423 613 2486 l.
629 2424 648 2486 l.
665 2445 694 2507 p.
713 2423 824 2504 valve,
842 2423 993 2507 'quando'
1010 2425 1039 2486 2.
1067 2423 1119 2488 Ad
1139 2429 1286 2488 nostrum

157 2526 264 2592 locum
289 2528 328 2592 cf.
349 2531 381 2592 ot
409 2529 506 2592 verba
530 2525 797 2595 240t4-11t272
828 2527 931 2609 ‘bena
961 2527 1047 2610 quod
1076 2533 1109 2591 et
1135 2527 1286 2590 dominus

157 2649 235 2695 usus
260 2632 322 2695 hoc
350 2631 448 2696 verbo
471 2633 506 2695 in
535 2651 673 2716 persona
699 2632 849 2714 paracleti
876 2651 941 2696 non
968 2631 1159 2695 divisionem
1187 2632 1286 2712 signi-

157 2733 277 2814 ficavit
302 2733 360 2799 sed
383 2734 646 2819 dispositionem’.
663 2773 703 2780 -
723 2735 827 2818 Pergo
851 2735 891 2798 ad
915 2736 1021 2799 locum
1040 2731 1117 2801 230!
1125 2733 1285 2800 19-414:

157 2837 194 2899 ln
225 2836 494 2920 adnotationibus,
526 2857 605 2920 ques
636 2839 756 2902 Beatus
787 2838 962 2902 Rhenanus
993 2838 1105 2902 tertiae
1136 2837 1287 2902 editionis

156 2937 238 3004 libro
263 2939 389 3022 adiecit
413 2942 569 3025 scripturn
593 2942 731 3023 legimus
755 2941 850 3005 haec:
876 2941 1016 3026 solium]
1041 2942 1089 3005 sic
1111 2941 1230 3023 legitur
1253 2941 1286 3004 in

159 3044 387 3126 manuscriptis
405 3043 623 3108 voluminibus
637 3044 787 3108 omnibus
800 3063 882 3127 quae
894 3043 1040 3108 viderim.
1065 3044 1138 3108 Non
1151 3044 1288 3107 arbitror

158 3146 378 3211 monarchiam
409 3148 525 3212 solium
554 3147 689 3211 reddere
717 3147 867 3228 voluisse,
899 3147 984 3229 quod
1008 3148 1216 3211 Grammatici
1240 3147 1288 3210 sic

159 3247 282 3312 dictum
294 3251 394 3332 aiunt,
407 3271 472 3314 non
485 3250 572 3332 quod
583 3251 686 3314 solum
701 3251 814 3334 capiat
827 3249 884 3314 sed
895 3253 971 3333 quia
980 3249 1126 3314 solidum.
1147 3249 1287 3314 Proinde

159 3351 275 3416 solium
305 3355 424 3416 mutavi
453 3354 486 3416 in
516 3373 639 3418 sonum.
680 3354 762 3418 Nam
790 3374 865 3418 mox
895 3355 1043 3436 sequitur
1069 3351 1138 3418 ‘sed
1162 3371 1288 3416 monar-

160 3455 264 3518 chiam
288 3475 402 3520 sonare
426 3457 556 3521 student
573 3457 696 3521 ‘lentini'
721 3461 753 3522 et
775 3458 893 3536 inlra¹t
917 3457 1013 3522 ‘Malo
1037 3463 1068 3522 te
1092 3455 1132 3520 ad
1156 3475 1287 3520 sensum

160 3559 214 3638 rei,
232 3578 328 3642 quam
346 3559 385 3622 ad
402 3579 516 3624 sonum
531 3560 680 3624 vocabuli
695 3561 868 3624 exerceas?
893 3561 994 3624 Nemo
1008 3561 1138 3642 negabit
1149 3558 1287 3623 ‘sonum’

160 3667 283 3726 rectum
300 3681 381 3727 esse.
404 3663 511 3728 Facile
528 3665 648 3745 estqui
665 3669 768 3726 ortum
787 3664 830 3726 sit
845 3662 1006 3728 SOLIVM
1022 3683 1062 3728 ex
1076 3663 1156 3728 SON
1161 3663 1224 3726 VM
1240 3664 1289 3725 in-

161 3765 319 3850 tellegere.
344 3765 438 3843 Quod
454 3768 568 3830 attinet
582 3765 623 3830 ad
640 3765 775 3830 verbum
794 3766 941 3848 ‘sonum’‚
962 3766 1063 3830 Stoici
1080 3768 1113 3829 in
1130 3785 1208 3830 voce
1225 3766 1288 3829 dis-

161 3872 299 3932 cernunt
320 3869 356 3932 τδ
380 3870 554 3948 λεγόμενον
578 3890 596 3932 a
620 3870 797 3952 νοουμένῳ,
826 3868 907 3932 illud
935 3872 984 3932 est
1007 3871 1102 3948 φωνή
1126 3870 1178 3933 vel
1202 3871 1287 3948 ἠχος.

159 3969 358 4036 Sententiam
382 3971 450 4036 ‘sed
472 3971 691 4036 monarchiam
719 3990 833 4036 sonare
859 3970 990 4036 student
1014 3971 1129 4052 Latini,
1158 3972 1288 4036 oihono-

160 4077 256 4139 miam
272 4076 459 4160 intellegere
476 4077 592 4141 nolunt
612 4075 708 4138 etiam
724 4075 851 4139 Graeci’
872 4074 961 4138 nullo
981 4073 1076 4138 modo
1101 4093 1289 4158 expungen-

160 4176 234 4242 dam
253 4197 325 4244 esse
345 4187 432 4262 puto.
456 4181 560 4264 Magis
581 4181 740 4245 rhetorice
761 4181 857 4244 verba
876 4181 932 4244 illa
948 4183 1025 4243 sunt
1043 4181 1172 4264 prolata,
1192 4199 1289 4262 quam

255 4323 273 4390 ¹)
292 4321 497 4392 sartae-cca.
