3308 4938
367 421 409 484 36
732 424 869 494 Ludwig
887 425 1129 494 Rosenmeyer‚

366 599 478 683 posito,
502 599 538 661 in
561 615 619 661 sua
640 596 844 660 visibilitate’.
876 595 1015 680 Egregia
1034 595 1172 660 Harrisii
1191 597 1240 660 est
1257 595 1369 660 lectio:
1395 595 1499 680 ‘patre

366 702 504 784 seposito
527 701 563 762 in
586 719 645 763 sua
664 697 953 778 <in>visibilitate':
979 700 1076 778 χωρὶς
1100 696 1193 763 ὄντος
1216 698 1500 780 (ἀποτετμημένον)

365 807 424 867 τοῦ
443 804 561 881 πατρὸς
582 802 616 867 ἐν
632 809 667 886 τῇ
685 803 825 885 ἀοραςίᾳ.
853 801 900 866 De
916 803 1015 884 patre,
1035 801 1090 883 qui
1106 820 1232 884 semper
1247 807 1297 866 est
1312 801 1498 884 invisibilis,

367 925 430 969 non
444 907 556 990 agitur.
573 906 677 970 Multo
690 906 856 970 diffieilior
867 905 1062 970 constructio
1075 904 1160 988 apud
1172 903 1415 986 Kroymannum
1429 907 1496 969 est:

366 1008 564 1092 ‘quasivero
585 1059 591 1072 .
609 1060 615 1074 .
632 1060 639 1074 .
658 1009 727 1074 filio
747 1011 906 1094 competat
925 1013 998 1086 <a>
1018 1011 1107 1091 patre
1129 1008 1270 1090 seposito
1290 1008 1325 1070 in
1346 1027 1404 1071 sua
1419 1009 1498 1072 visi-

366 1111 504 1176 bilitate:
536 1113 594 1178 Ala
622 1113 657 1178 ob
687 1133 796 1178 uasere
824 1110 1067 1197 Ιαωνρινίοίίοπ
1096 1111 1156 1176 den
1187 1110 1271 1176 Solen
1302 1115 1413 1176 maima
1441 1115 1500 1194 (sis

366 1219 460 1280 meint
486 1217 543 1280 ίίιπ
569 1216 642 1281 abor
669 1216 776 1297 nicht),
803 1215 939 1301 ίοοροίόοί
965 1235 1030 1279 νοω
1057 1213 1152 1280 Vatar
1179 1215 1245 1279 und
1267 1214 1382 1279 darum
1404 1215 1498 1280 τίοίιί-

365 1319 430 1383 bar.
466 1318 519 1382 Sic
543 1320 629 1382 enim
653 1317 834 1403 ‘sepositus'
857 1317 943 1382 idern
968 1318 1052 1381 esset
1074 1337 1112 1381 ao
1135 1317 1290 1398 ‘divisus’,
1314 1317 1400 1399 quod
1423 1337 1497 1401 pro-

365 1421 442 1485 baro
466 1441 530 1484 non
552 1441 684 1507 possum
708 1419 881 1504 exemplis3
901 1420 945 1482 ‘in
970 1438 1028 1483 sua
1052 1419 1249 1483 visibilitate’
1269 1439 1333 1482 non
1353 1420 1496 1500 haberet,

365 1522 405 1587 ad
433 1523 519 1605 quod
545 1524 728 1587 referretur.
764 1523 805 1586 nt
826 1526 864 1587 ut
886 1524 947 1588 hoo
971 1523 1125 1604 efiiceret,
1154 1522 1382 1605 Kroymannus
1407 1523 1497 1586 ‘non'

365 1628 399 1689 in
424 1626 521 1690 ‘vero’
544 1628 697 1690 mutavit!
723 1665 765 1674 -
790 1627 965 1710 Pergamus
989 1646 1093 1691 nuno:
1123 1630 1254 1705 λέγομεν
1276 1628 1338 1704 γὰρ
1363 1630 1495 1692 καὶτὸν

365 1730 435 1794 υἱὸν
458 1729 554 1793 αὐτὸν
579 1729 650 1793 καθ’
667 1731 780 1794 ἑαυτὸν
804 1731 874 1812 (suo
893 1730 1034 1810 nomine)
1060 1729 1210 1812 ἀόρατον,
1234 1730 1305 1794 καθ’
1322 1729 1369 1793 ὅτι
1393 1731 1494 1805 λόγος

366 1833 425 1899 ἐςτί
449 1836 499 1898 καὶ
523 1837 647 1912 πνεῦμα
671 1839 763 1918 θεοῦ,
791 1835 931 1900 τουτέςτι
954 1839 989 1916 τῇ
1015 1834 1112 1917 οῦςίᾳ,
1136 1835 1176 1912 ἦν
1195 1835 1257 1912 ἔχει
1277 1835 1322 1898 ὡς
1345 1837 1419 1898 θεὸς
1443 1835 1494 1898 καί

367 1938 465 2014 λόγος
489 1940 537 2002 καί
559 1941 685 2017 πνεῦμα
709 1941 795 2003 θεοῦ.
832 1937 912 2015 Quo·
930 1938 1146 2002 additamento
1175 1939 1210 2001 in
1233 1941 1419 2003 memoriam
1443 1959 1494 2004 re-

365 2043 459 2104 vooat
486 2041 673 2124 eaputVH‚
701 2060 765 2123 quo
794 2043 944 2125 exposuit
971 2042 1070 2118 λόγον
1099 2046 1176 2107 θεοῦ
1206 2044 1238 2106 et
1265 2047 1390 2120 πνεῦμα
1414 2046 1493 2107 θεοῦ

366 2144 576 2208 substantiam
596 2145 713 2209 habere
733 2147 886 2228 oportere.
915 2145 1128 2210 scribendum
1144 2145 1244 2228 igitur
1259 2147 1323 2208 est:
1344 2145 1493 2209 ‘dicimus

366 2267 478 2311 ...eir
502 2247 700 2310 substantiae
724 2247 922 2331 condicione,
948 2269 1058 2331 quam
1082 2248 1240 2330 haben),
1266 2248 1341 2330 quia
1361 2247 1440 2312 deus
1461 2251 1493 2312 et

365 2369 469 2414 senno
494 2357 526 2414 et
549 2351 680 2433 spiritus
705 2350 776 2414 dei’.
811 2351 849 2414 In
874 2351 1085 2434 sequentibus
1109 2351 1286 2415 difficultas
1314 2351 1403 2416 nulla
1427 2355 1491 2416 est:

365 2453 411 2517 ‘os
428 2453 467 2516 ad
483 2472 518 2516 os
534 2453 647 2536 loquar
662 2452 720 2515 itli’
736 2453 942 2537 adimpletum
960 2461 1010 2519 est
1025 2455 1059 2518 in
1075 2456 1192 2519 montis
1208 2454 1331 2537 (Tuber)
1348 2473 1491 2530 secessu3

365 2559 459 2620 antea
478 2555 623 2619 Christus
646 2557 680 2618 in
704 2557 834 2638 speculo
854 2559 886 2620 et
908 2559 1087 2640 aenigmate
1110 2561 1142 2622 et
1164 2558 1289 2622 visione
1314 2561 1345 2622 et
1368 2558 1492 2621 somnio

367 2659 541 2722 videbatur.
577 2657 611 2721 Si
636 2657 767 2741 Moyses
795 2667 888 2724 antea
915 2661 1033 2725 faeiem
1061 2661 1131 2725 eius
1159 2659 1305 2744 vidisset,
1334 2661 1492 2744 quomodo

367 2760 562 2825 desideraret
587 2762 703 2824 faciem
731 2763 802 2825 eius
827 2763 947 2844 videre,
976 2764 1134 2846 quomodo
1159 2763 1239 2827 deus
1262 2763 1379 2827 faciem
1401 2781 1491 2827 suam

367 2863 468 2928 videri
498 2883 590 2947 posse
620 2867 727 2948 negat,
760 2867 789 2928 si
820 2866 1027 2931 ostenderat?
1069 2867 1165 2931 Nunc
1194 2863 1493 2949 (aestio-mus)

366 2966 447 3030 nihil
481 2967 628 3048 sequitur
662 2968 725 3030 nisi
757 2968 838 3032 ‘aut
870 2988 951 3052 quae
987 2975 1036 3034 est
1067 2969 1168 3033 facies
1202 2967 1264 3033 dei'
1297 2975 1334 3033 ut
1365 2969 1493 3052 saepius

366 3067 434 3132 ‘aut
456 3069 549 3150 quale
574 3070 641 3150 est',
666 3071 751 3152 quod
776 3071 987 3135 confirmatur
1010 3073 1107 3136 etiam
1129 3071 1292 3153 sequenti:
1318 3071 1384 3134 ‘aut
1403 3090 1495 3134 num·

368 3172 445 3254 quid
464 3171 554 3235 filius
571 3221 577 3234 .
595 3222 601 3234 .
619 3173 653 3235 .':
679 3173 697 3250 ἢ
716 3175 742 3237 τί
762 3174 821 3238 έςτι
841 3177 918 3239 θεοῦ
938 3175 1122 3256 πρόςωπον,
1142 3175 1161 3237 ὃ
1182 3173 1263 3251 ὁρᾶν
1283 3173 1343 3238 οὐκ
1362 3173 1495 3250 ἔξεςτιν;

367 3266 402 3339 εί
415 3297 442 3340 τι
467 3275 575 3358 ὤφθη,
599 3313 641 3320 -
667 3272 784 3358 εἶδον,
817 3277 878 3356 ἔφη
903 3276 1024 3358 Ἰακώβ,
1053 3276 1143 3359 (Gen.
1168 3274 1303 3339 XXXII
1322 3277 1375 3356 ao),
1404 3276 1494 3340 θεὸν

367 3380 572 3457 πρόςωπον
600 3375 692 3457 πρὸς
721 3379 942 3460 πρόςωπον,
971 3381 1030 3442 καὶ
1054 3379 1174 3457 έςώθη
1200 3399 1270 3458 μου
1294 3379 1312 3457 ἡ
1333 3381 1431 3456 ψυχή
1453 3415 1493 3424 -

368 3483 478 3558 ἕτερον
502 3481 621 3560 ὀφείλει
646 3478 721 3546 εἶναι
744 3478 781 3545 τό
803 3483 987 3563 πρόςωπον,
1012 3483 1030 3546 ὃ
1055 3481 1222 3562 ὁρώμενον
1246 3481 1429 3546 ἀποκτείνει.
1454 3480 1494 3544 Ἣ

368 3584 435 3648 υἱός
459 3605 495 3659 γε
523 3587 579 3661 μὲν
603 3585 740 3666 ἑωρᾶτο,
770 3621 811 3629 -
842 3583 867 3648 εί
891 3585 940 3648 καὶ
964 3585 1043 3648 κατὰ
1070 3585 1255 3664 πρόςωπον,
1279 3585 1313 3648 ἐν
1338 3583 1368 3658 γ’
1389 3581 1495 3663 ὁράςει

368 3688 417 3749 καὶ
443 3685 577 3765 ὀνείρατι
604 3690 652 3751 καί
678 3687 847 3772 κατόπτρῳ
874 3689 923 3752 καλ
951 3689 1114 3770 αἰνίγματι,
1140 3687 1184 3754 ὅτι
1209 3689 1228 3752 ό
1256 3689 1353 3762 λόγος
1380 3691 1429 3752 καὶ
1459 3683 1497 3752 τό

368 3791 492 3864 πνεῦμα
515 3789 540 3853 εί
569 3793 607 3868 μὴ
632 3795 829 3873 φανταςτικῷ
858 3789 931 3854 εἴδει
960 3789 1090 3870 ὁρᾱςθαι
1118 3793 1157 3856 οὐ
1187 3791 1317 3856 δύναται
1344 3828 1387 3838 -
1416 3791 1496 3868 πρό-

369 3913 476 3956 ςωπον
500 3896 535 3957 δέ
559 3895 676 3959 ἑαυτοῦ
700 3895 779 3969 λέγει
797 3896 854 3958 τὸν
874 3895 994 3973 πατέρα
1013 3895 1170 3973 ἀόρατον;
1194 3896 1239 3958 τίς
1257 3895 1317 3972 γὰρ
1337 3893 1356 3957 ό
1375 3895 1495 3973 ποτήρ;

368 3994 419 4074 ἆρ’
436 3995 475 4059 οὐ
498 3995 676 4075 πρόςωπον
700 3997 782 4062 ἔςται
804 3999 863 4062 τοῦ
888 3997 958 4061 υἱοῦ
976 3998 1054 4061 κατὰ
1075 3999 1112 4061 τὸ
1137 3997 1266 4081 ἀξίωμα,
1294 3999 1313 4062 ὃ
1336 3999 1495 4078 γεννηθείς

460 4149 480 4217 ¹)
492 4147 624 4215 'habent',
638 4149 712 4217 quod
725 4165 776 4218 pro
789 4149 891 4204 ‘habet'
901 4149 931 4203 in
945 4153 1106 4204 contextum
1120 4149 1260 4204 invasisse
1273 4150 1392 4218 videtur,
1403 4149 1497 4206 ‘nuno'

369 4233 568 4287 coniunctione
592 4237 780 4302 permutatum
804 4237 854 4288 est.
887 4233 928 4288 Cf.
949 4235 1051 4290 Catulli
1070 4235 1139 4288 LXII
1158 4234 1199 4305 13,
1224 4251 1279 4305 quo
1297 4236 1361 4291 loco
1381 4234 1403 4290 0
1423 4235 1496 4290 ‘huc'

368 4317 485 4387 praebet
503 4334 554 4386 pro
573 4319 695 4373 ‘habent’
715 4319 783 4388 (hnt,
804 4319 845 4388 G).
