2962 4778
81 97 281 166 Quaestiones
292 105 499 161 Tertulliaueae
509 104 546 159 ad
558 106 661 160 librum
671 105 815 160 Adversus
824 106 953 160 Praxean
965 105 1148 174 pertinentes.
1184 99 1225 162 31

69 284 207 345 gamus
225 296 282 361 pro
301 275 504 361 plenitudine
522 277 706 358 maiestatis,
730 277 889 342 visibilem
908 296 985 341 vero
1004 276 1109 340 filium
1129 297 1226 360 agno-

68 384 223 444 Scetnms
246 399 305 464 pro
328 379 459 444 modulo
483 379 700 462 derivationis,
723 380 809 445 sicut
831 400 892 445 nec
915 380 1015 445 solem
1033 380 1127 444 nobis
1151 401 1226 445 con-

62 473 242 566 templan·
265 484 333 566 (25)
355 483 440 565 licet
464 486 621 565 quantum
645 483 685 547 ad
708 484 811 566 ipsam
835 483 1032 549 substantiae
1056 503 1224 567 summam,

61 588 181 651 quae
203 586 309 650 estin
333 585 444 668 caelis,
467 585 594 649 radium
618 592 726 650 autem
750 588 820 650 eius
844 587 1016 652 toleramus
1040 587 1144 651 oculis
1167 606 1224 670 pro

57 674 311 771 temperatura
338 688 510 772 portionis
539 709 622 771 quae
644 691 679 752 in
702 694 819 753 terram
842 689 919 754 inde
946 691 1129 773 porrigitur.
1172 690 1226 755 hic
1252 707 1282 753 ao

55 789 130 846 ΕΚ
164 790 287 855 diverso
306 791 392 856 volet
410 790 537 874 (25111)
561 791 675 874 aliquis
694 793 789 855 etiam
808 791 914 855 tilium
933 792 1129 856 invisibilem
1148 813 1224 858 con-

53 875 236 976 teludere,
251 898 290 958 ut
304 914 493 976 sermonem,
514 900 549 959 ut
567 895 723 978 spiritum,
744 897 776 959 et
794 893 871 958 dum
887 914 983 958 unam
1001 895 1225 960 condicionem

49 990 193 1061 Datus
212 1004 245 1063 et
261 999 324 1061 filii
343 998 492 1072 vindicat
511 1018 615 1063 unum
632 998 739 1081 potius
757 1001 852 1081 atque
872 998 1010 1063 eundem
1030 999 1223 1063 confirmare

48 1091 215 1164 patrem
240 1103 273 1165 et
294 1101 409 1164 filium.
444 1101 500 1166 sed
525 1102 667 1165 diximus
687 1101 878 1183 scripturam
897 1101 1100 1167 differentiae
1120 1105 1224 1185 patro·

50 1188 196 1266 Ginai
214 1223 273 1286 per
287 1203 426 1268 visibilis
445 1211 477 1269 et
492 1206 536 1287 (5)
551 1203 723 1267 invisibilis
743 1202 991 1267 distinctionem.
1015 1203 1080 1267 iam
1096 1209 1128 1266 et
1142 1201 1224 1266 illud
1250 1222 1278 1269 ao

50 1299 236 1371 adicient
253 1307 294 1371 ad
313 1309 630 1391 argumentationem,
651 1305 746 1390 quod,
770 1307 797 1369 si
820 1306 910 1370 tilius
929 1312 1008 1370 tunc
1026 1305 1067 1370 ad
1085 1305 1223 1388 Moysen

49 1378 297 1493 loquebatur,
319 1412 388 1495 ipse
410 1413 529 1476 faciem
551 1431 641 1475 suam
666 1412 788 1476 nemini
811 1409 973 1474 visibilem
999 1408 1222 1492 pronuntiarit

57 1511 170 1586 qnia
193 1514 318 1578 scilicet
340 1516 409 1598 ipse
432 1515 604 1579 invisibilis
626 1519 717 1598 pater
739 1514 838 1577 fuerit
864 1515 899 1575 in
922 1511 982 1575 filii
1012 1513 1151 1575 nomine.
1184 1531 1223 1576 ac

59 1611 151 1684 Der
173 1617 236 1680 hoc
255 1618 303 1680 sic
322 1616 459 1681 eundem
481 1618 594 1681 volunt
612 1617 716 1701 accipi
735 1618 768 1680 et
785 1616 947 1680 visibilem
966 1622 998 1679 et
1016 1615 1221 1697 invisibilem,

67 1717 253 1799 quomodo
283 1719 421 1783 eundem
445 1721 512 1802 (10)
541 1725 624 1798 <et>
653 1722 776 1803 patrem
805 1721 837 1784 et
862 1718 982 1799 filiurn,
1011 1718 1162 1800 quoniam
1191 1724 1223 1782 et
1248 1739 1277 1784 as

65 1821 186 1897 paula
217 1841 327 1904 supra,
359 1828 530 1905 antequam
559 1822 675 1887 taciem
708 1821 817 1904 Moysi
846 1824 954 1905 neget,
993 1822 1149 1904 scriptum
1181 1823 1222 1886 sit

73 1918 260 1988 dominum
283 1924 324 1988 ad
344 1924 479 2007 Moysen
502 1925 647 1989 locutum
671 1944 788 2006 coram,
812 1926 902 1990 velut
924 1925 950 1988 si
975 1926 1048 2009 quis
1071 1924 1223 2006 loquatur

76 2028 129 2091 ad
153 2029 294 2092 amicum
313 2048 417 2110 suum,
442 2049 506 2092 non
525 2030 634 2092 minus
653 2048 749 2112 quam
773 2035 806 2092 et
823 2027 934 2092 Iacob:
961 2046 1029 2110 ego
1053 2026 1149 2109 vidi,
1172 2028 1222 2090 in-

79 2131 169 2213 quit
194 2129 306 2194 deum
332 2131 434 2196 facie
462 2132 506 2195 ad
534 2132 684 2196 faciem.
724 2150 800 2214 ergo
824 2130 960 2194 visibilis
989 2135 1021 2193 et
1047 2129 1221 2194 invisibilis

81 2232 192 2311 idem;
221 2235 355 2321 etquia
382 2234 467 2298 idem
496 2238 685 2318 utrumque,
708 2236 775 2315 (15)
802 2233 875 2298 ideo
904 2240 936 2298 et
962 2235 1031 2316 ipse
1057 2240 1150 2316 pater
1171 2233 1221 2296 in-
1247 2253 1277 2297 40

85 2336 240 2419 visibilis,
269 2357 333 2420 qua
356 2340 389 2402 et
410 2337 509 2420 iilius,
534 2337 677 2401 visibilia
711 2337 904 2419 quasivero
933 2337 1091 2420 expositio
1120 2337 1221 2420 scrip-

90 2447 189 2523 turae,
214 2461 298 2524 quae
321 2442 362 2505 iit
384 2463 403 2505 a
425 2442 527 2525 nobis,
551 2443 621 2506 filio
647 2444 805 2526 competat
825 2445 894 2517 <a>
914 2443 1003 2522 patre
1027 2440 1166 2522 seposito
1186 2440 1221 2501 in

92 2562 148 2607 sua
170 2545 364 2609 visibilitate.
398 2545 535 2609 dicimus
559 2545 646 2609 enim
669 2551 702 2609 et
722 2545 830 2609 filium
853 2564 911 2608 suo
934 2546 1064 2608 nomine
1088 2550 1220 2608 eatenus

92 2646 300 2728 invisibilem,
324 2665 389 2727 qua
411 2664 516 2710 sermo
541 2650 574 2710 et
596 2648 728 2730 spiritus
756 2647 822 2728 dei,
850 2666 891 2711 ex
920 2647 1117 2712 substantiae
1145 2667 1220 2711 con-

94 2750 226 2833 dicione,
246 2750 323 2835 [iam
343 2771 431 2815 nunc
450 2761 482 2815 et
500 2753 576 2834 quia
595 2751 675 2815 deus
694 2754 726 2814 et
744 2770 848 2815 sermo
868 2754 901 2815 et
915 2752 982 2832 (20)
997 2752 1129 2834 spiritus
1145 2750 1219 2835 dei]
1246 2768 1276 2813 o

94 2854 251 2919 visibilem
275 2858 382 2919 autem
406 2854 507 2918 fuisse
531 2858 604 2919 ante
628 2873 757 2919 carnem
786 2873 824 2919 eo
852 2854 960 2936 mod0,
989 2875 1053 2937 quo
1078 2856 1157 2918 dicit
1179 2854 1219 2919 ad

94 2960 199 3022 Aaron
223 2962 257 3023 et
280 2958 432 3022 Mariam:
463 2960 499 3023 et
527 2959 559 3021 si
581 2958 706 3022 fuerit
732 2958 939 3041 prophetes
967 2957 1006 3019 in
1030 2956 1152 3037 vobis,
1180 2958 1219 3019 iu

95 3061 244 3125 visione
272 3081 484 3144 cognoscar
511 3061 570 3124 illi
594 3064 632 3125 et
654 3061 693 3123 in
722 3060 867 3124 somnio
895 3060 1031 3142 loquar
1053 3059 1126 3140 illi,
1154 3077 1219 3122 non

178 3275 215 3329 30
228 3274 286 3330 iam
294 3275 352 3328 Kr:
367 3290 433 3329 nam
443 3275 526 3341 PMF;
562 3275 595 3329 31
608 3273 796 3339 adicientMF‚
812 3272 1072 3341 autumpnatem
1109 3273 1144 3326 32
1154 3288 1219 3341 pro-

93 3359 226 3414 nuntiarit
239 3360 297 3414 Kr:
317 3360 513 3429 pronuntiaret
531 3359 616 3425 PMF;
663 3359 699 3412 35
717 3357 791 3426 <et>
809 3363 917 3427 patrem
930 3358 988 3416 Ka·
1008 3362 1117 3427 patrem
1132 3357 1217 3423 PMF;

642 3442 668 3486 ot

93 3497 123 3553 36
135 3503 219 3568 neget
228 3498 286 3552 Kr:
300 3503 433 3568 negasset
447 3502 474 3552 et
486 3499 531 3567 (ex
542 3499 683 3570 negasset)
694 3497 776 3563 Pium
814 3496 850 3552 39
863 3496 947 3551 deum
959 3496 994 3564 Μ,
1009 3495 1153 3550 dominum
1163 3495 1217 3562 PF;

92 3581 120 3637 ll
142 3584 223 3653 quasi
247 3600 316 3639 vero
335 3584 393 3638 Kr:
419 3585 500 3654 quasi
524 3600 582 3638 non
606 3584 689 3649 PMF;
748 3583 785 3637 42
803 3599 821 3637 a
840 3583 904 3636 add.
923 3581 977 3652 Kr,
1002 3582 1126 3648 defendit
1150 3597 1220 3649 quoe

92 3670 243 3722 traduntur
261 3668 325 3739 Iino
343 3672 384 3722 cie
406 3671 592 3737 diarinpuena:
621 3667 702 3736 quasi
725 3683 785 3721 non
880 3667 938 3721 filio
961 3669 1113 3735 competat,
1139 3670 1218 3734 patre

92 3755 222 3824 seposito,
242 3755 272 3808 in
291 3771 344 3810 sua
364 3755 537 3822 visibilitate3
574 3754 610 3808 4³
627 3753 790 3807 visibilitate
807 3751 886 3818 Pur,
905 3750 1100 3804 invisibilitate
1112 3748 1219 3800 Horra·-
1298 3792 1299 3796 ,

73 3842 155 3908 uiua,
174 3857 254 3909 qum
265 3846 421 3908 sequuntur
432 3840 502 3893 Pam
514 3840 569 3908 Rip
585 3839 731 3904 Oohlarm
767 3837 803 3891 45
822 3838 880 3891 iam
897 3850 973 3890 nunc
992 3866 1025 3873 -
1044 3834 1158 3902 spiritus
1172 3832 1218 3887 dei

92 3928 197 3980 coaluit
209 3926 264 3995 Κν,
278 3942 314 3980 ex
326 3926 503 3981 substantiae
516 3924 685 3981 condicione
698 3925 755 3979 iam
768 3938 850 3989 nunc,
871 3924 899 3976 et
911 3922 978 3990 quia
992 3921 1061 3975 deus
1075 3919 1113 3990 [et
1125 3935 1219 3973 sermo

93 4016 117 4066 et
134 4013 251 4082 spiritus
270 4010 325 4081 dei]
344 4010 419 4079 Elam
439 4027 495 4080 qua
514 4010 584 4065 deus
606 4009 750 4076 othurae
793 4007 830 4062 48
849 4007 960 4062 somnio
972 4005 1029 4074 Pu,
1048 4004 1175 4074 sompnis
1188 4004 1218 4058 F.
