3200 4918
317 387 511 456 Quaestiones
530 394 644 451 criticae
663 396 693 452 in
710 397 909 469 Aristophanis
928 401 1046 459 fabulas.
1208 403 1249 464 47

631 611 736 674 Pluti:

133 723 185 762 τοο.
331 705 432 772 S-R
965 719 997 782 V

133 807 191 867 144
214 810 368 886 λαμπρὸν
378 814 428 876 καὶ
437 815 655 896 καλὸν(καλὸν

213 913 266 974 καί
310 915 461 992 λαμπρὸν
494 913 564 980 8ΔΕ
585 913 655 1000 Μινιίι)

212 1033 293 1077 cum
320 1014 356 1079 M
381 1023 414 1080 et
433 1021 464 1084 A
483 1039 573 1103 corn,
597 1023 653 1105 qui

209 1182 261 1246 sic
295 1183 449 1248 exhibet:
480 1121 580 1252 καλβὸν
604 1191 653 1252 καὶ

205 1298 364 1427 λαμτῗρὸν

120 1451 180 1510 145
204 1453 326 1529 χάριεν
350 1453 550 1532 ἀνθρώποιςι
705 1461 814 1540 χάριεν
838 1462 873 1526 ἐν
897 1462 1092 1544 ἀνθρώποιςι
1116 1487 1190 1532 cum

704 1561 771 1628 MA
794 1563 1015 1650 dittographiit

117 1657 177 1718 152
201 1657 316 1739 eic††
346 1659 393 1724 cf.
418 1681 447 1725 v.
469 1663 535 1726 242
559 1685 589 1748 p.
607 1667 646 1728 37
857 1669 901 1734 ὡς
926 1689 1001 1734 eum
1025 1671 1090 1738 MA

200 1767 396 1827 tractatum.

115 1863 174 1926 184
198 1867 273 1930 κάν
298 1885 376 1930 eum
401 1867 469 1932 MA
918 1879 1026 1963 καὶὴι

110 1967 171 2029 ’271
197 1970 308 2048 *ἡμεῖς
334 1991 412 2034 cum
437 1969 504 2035 MA
923 1979 1018 2045 ἔπειτ’

112 2069 173 2134 278
198 2073 318 2138 δίοωςι
343 2093 422 2137 cum
447 2074 516 2140 MA
863 2102 912 2145 ςοι
935 2085 1078 2170 ῖλῖδιυςηι

110 2174 170 2237 307
195 2179 430 2253 γρυλλίῑοντες
443 2197 521 2242 cum
531 2178 645 2266 MA††
698 2183 901 2260 γρυλίζοντες
925 2204 949 2249 r.
976 2185 1021 2250 cf.
1041 2187 1077 2251 B.
1093 2191 1132 2253 A.
1150 2193 1236 2272 33‚1

698 2285 853 2362 γρυλῖζειν
886 2291 936 2352 καὶ
966 2293 1153 2370 γρυλιςμόςε
1190 2295 1238 2358 ἐπὶ

697 2390 754 2464 τῆς
786 2391 853 2453 τῶν
885 2391 1006 2470 χοίρων
1038 2399 1160 2473 φωνῆς.
1198 2397 1237 2461 δι’

698 2488 770 2554 ἑνὸς
792 2478 823 2572 λ,
852 2493 901 2555 καὶ
933 2493 972 2557 οὐ
1003 2496 1054 2559 διὰ
1085 2499 1176 2563 δυοῖν
1206 2507 1238 2566 et

697 2589 818 2658 Pollue.
835 2593 873 2676 V,
898 2597 949 2659 87.

106 2690 166 2755 328
191 2695 328 2772 βλέπειν
355 2715 434 2759 cum
462 2695 531 2760 MA
697 2695 882 2782 βλέπωνῂι
910 2687 1063 2766 Libenter
1094 2724 1235 2770 commu-

695 2801 804 2862 tantur
827 2821 875 2864 ων
899 2809 930 2864 et
954 2823 1007 2886 ειν,
1031 2824 1058 2869 ο.
1075 2826 1103 2888 g.
1121 2808 1155 2871 in
1174 2810 1235 2874 Av.

694 2901 759 2964 420
789 2901 874 2980 ἔχων
901 2903 936 2967 Μ
964 2925 1021 2989 pro
1050 2909 1139 2992 ἔχειν,
1168 2915 1232 2977 788

694 3003 796 3068 ἐλθεῖν
815 3005 850 3069 Μ
868 3025 926 3088 pro
951 3009 1065 3093 ἐλθὼν,
1089 3011 1119 3075 N
1122 3013 1149 3078 b.
1167 3018 1185 3078 7
1190 3017 1229 3080 37

693 3105 828 3186 ἐξευρεῖν
848 3107 913 3174 MA
932 3111 986 3174 atii
1009 3133 1066 3196 pro
1084 3115 1230 3200 ἐξευρών,

691 3207 747 3273 Ra.
765 3210 839 3293 365,
864 3214 929 3276 744
953 3215 1023 3280 aliis
1046 3216 1133 3282 locis,

96 3295 158 3361 328
177 3299 255 3380 Ἀρη
265 3321 350 3366 cum
358 3303 424 3364 Ar.
435 3299 487 3364 cf.
494 3299 637 3368 Meister·
889 3314 1030 3402 'Apn1††

180 3402 266 3468 hans
280 3425 314 3488 p.
328 3407 409 3486 143,
424 3404 457 3466 2.
478 3401 583 3484 (Ἄρην
592 3407 636 3491 Μ)

92 3503 154 3566 387
180 3510 232 3571 καὶ
258 3527 344 3572 eum
371 3505 444 3570 MA
869 3523 918 3585 καὶ
941 3525 1049 3610 τοὺςῖ

95 3606 155 3670 549
178 3615 238 3688 τῆς
249 3611 427 3688 πτωχείας
439 3611 551 3676 πενίαν
561 3631 633 3678 eum
687 3623 744 3698 τῆς
767 3623 875 3688 πενίας
891 3629 1080 3714 πτωχείανῖ
1096 3649 1229 3696 caesura

176 3712 246 3778 MA
687 3726 1226 3817 tetramenianapaesticineglecta.

94 3813 153 3876 556
177 3818 391 3896 φειςάμενος
419 3833 498 3878 eum
520 3815 584 3882 MA
832 3830 1024 3909 φειδόμενος
1033 3835 1081 3920 ††

93 3916 153 3980 556
177 3921 383 3997 καταλείψει
411 3937 488 3981 cum
512 3917 576 3986 MA
829 3936 1084 4022 xamtettvetv³s³s

92 4019 149 4083 581
174 4023 290 4090 ὅντως
320 4041 406 4086 cum
432 4019 466 4084 M
836 4053 896 4098 om.
921 4055 995 4099 cum
1018 4039 1080 4122 A†

799 4139 960 4216 λημῶντες
985 4160 1058 4204 eum
1084 4145 1112 4207 A
