3406 4786
154 344 305 415 Epistulae
315 343 471 398 amatoriae
485 341 625 413 quomodo
641 343 814 398 cohaereant
827 359 891 398 cum
907 343 1003 413 elegiis
1014 342 1222 398 Alexandrinis.
1253 337 1294 400 47

282 516 349 579 Vos
373 534 501 598 quoque
525 516 552 579 si
576 513 681 578 media
704 514 873 598 speculum
897 517 1049 598 spectetis
1073 517 1107 579 in
1131 516 1188 598 ira,

336 618 516 701 Cognoscat
538 618 655 682 faciem
680 618 738 681 vix
761 619 837 681 satis
861 617 927 681 ulla
951 637 1052 700 suam,

158 743 198 802 ut
220 737 296 801 irati
319 735 449 818 speculo
473 737 614 815 utantur,
637 734 781 818 imperat
805 734 876 797 Irae
901 735 987 798 enim
1011 727 1191 800 remedium
1215 756 1298 818 esse,

158 861 246 923 curn,
275 859 372 923 quam
401 839 500 902 facies
531 837 626 902 foeda
652 838 718 919 fiat,
747 838 820 901 irati
845 857 1040 921 cognoscere
1070 841 1202 924 possint.
1236 840 1296 905 Cui

158 945 223 1008 hoc
239 942 411 1007 consilium
427 941 589 1022 debeatur,
609 961 627 1004 e
644 939 785 1005 Senecae
805 939 856 1004 ‘de
875 941 933 1004 ira'
953 942 1053 1023 1136,
1072 944 1088 1005 1
1110 943 1294 1026 intelleges:

161 1045 376 1130 'quibusdam
394 1048 429 1108 ut
445 1045 489 1108 ait
507 1044 679 1125 Sextius,
695 1044 784 1107 iratis
800 1044 922 1126 profuit
937 1046 1102 1129 aspexisse
1119 1047 1297 1129 speculum,

159 1148 363 1234 perturbavit
385 1148 458 1211 illos
481 1150 569 1210 tanta
587 1147 722 1210 mutatio
747 1149 814 1223 sui3
839 1147 928 1211 velut
951 1150 985 1211 in
1007 1167 1074 1213 rem
1095 1155 1296 1233 praesentem

161 1253 294 1316 adducti
306 1271 371 1314 non
381 1253 583 1334 agnoverunt
597 1250 651 1314 se’.
664 1250 715 1314 Ex
727 1251 909 1314 testimonio
919 1250 1070 1333 Senecae,
1082 1253 1138 1335 qui
1148 1252 1296 1317 Sextium

158 1356 279 1436 laudat,
308 1355 514 1438 philosophos
538 1355 573 1417 in
597 1352 750 1435 diatribis,
779 1357 816 1417 ut
838 1355 911 1417 irati
936 1355 1105 1438 speculum
1128 1357 1295 1439 aspiciant,

160 1477 294 1524 monere
313 1457 415 1522 solere
439 1456 590 1521 concludi
613 1460 725 1541 potest.
759 1456 912 1520 Ovidium
936 1457 1064 1522 alibris
1084 1477 1195 1522 eorum
1219 1478 1297 1542 peu-

162 1563 239 1627 dere
268 1581 334 1626 non
362 1561 537 1626 verisimile
568 1563 631 1639 est3
663 1581 739 1624 nam
768 1562 837 1644 ipse
870 1564 902 1624 et
932 1561 1145 1626 Philostratus
1175 1581 1297 1626 morem

160 1669 329 1732 rhetorum
345 1666 447 1729 secuti
465 1666 504 1745 ei,
521 1664 607 1748 quod
623 1663 832 1748 philosophus
849 1663 971 1745 suadet,
988 1671 1024 1728 ut
1039 1666 1112 1728 irati
1128 1665 1296 1748 speculum

160 1770 327 1854 aspiciant,
353 1767 491 1832 Palladis
511 1767 695 1851 exemplum
719 1766 830 1829 tibiam
858 1768 891 1829 in
912 1786 1047 1847 amnem,
1076 1787 1138 1850 quo
1165 1769 1296 1851 speculo

162 1875 274 1953 utitur,
298 1871 446 1935 iacientis
474 1869 604 1934 addunt.
644 1869 733 1946 Quae
758 1888 832 1932 cum
854 1869 899 1932 ita
923 1871 996 1950 sint,
1024 1870 1097 1934 fons
1127 1872 1295 1953 utriusque

162 1975 391 2041 commentatio
410 1974 555 2054 rhetoris,
580 1975 636 2056 qui
660 1973 765 2037 deira
786 1972 946 2053 disseruit,
972 1992 1041 2036 esse
1061 1972 1198 2037 ridetur.
1235 1973 1298 2049 Qui

160 2085 207 2160 ut,
221 2098 318 2160 quam
330 2077 427 2140 iratos
443 2077 611 2159 speculum
623 2082 769 2160 spectare
784 2075 864 2139 utile
880 2077 930 2157 sit,
944 2074 1098 2157 ostendat,
1112 2076 1296 2159 exemplum

161 2181 244 2246 deae
261 2180 372 2256 affert3
393 2178 488 2261 quod,
510 2181 586 2262 quia
601 2179 722 2243 buccae
738 2179 812 2241 irati
832 2178 980 2242 similiter
998 2199 1035 2243 ac
1053 2179 1132 2242 tibia
1152 2180 1298 2244 canentis

162 2286 303 2364 tument,
331 2283 471 2346 maxime
504 2282 657 2346 idoneum
681 2284 737 2345 est.
771 2281 823 2361 Id,
852 2282 937 2364 quod
969 2283 1191 2365 exposuimus,
1223 2302 1298 2347 con-

159 2387 314 2450 firmatur
325 2384 507 2465 Plutarcho,
524 2384 564 2448 cl.
581 2384 631 2448 ‘de
649 2382 828 2448 cohibenda
843 2385 901 2447 ira'
922 2386 1019 2467 capti
1041 2385 1112 2466 (vol.
1126 2385 1175 2448 Ill
1191 2406 1220 2468 p.
1233 2386 1296 2449 186

162 2489 211 2554 ed.
227 2487 461 2567 Bernardalris).
495 2486 557 2564 Qui
580 2493 749 2570 postquam
768 2489 927 2571 exposuit,
952 2487 1111 2569 quomodo
1130 2488 1229 2552 iacies
1249 2489 1297 2552 ira

161 2598 314 2673 mutetur,
348 2591 542 2655 medicinam
574 2591 641 2654 irae
677 2590 846 2674 speculum
880 2610 951 2655 esse
981 2590 1077 2655 dicit:
1112 2592 1179 2669 ἐμοὶ
1215 2591 1244 2655 δ’
1271 2593 1299 2656 εἴ

159 2715 207 2761 τι(
230 2694 361 2772 ἐμμελὴε
385 2696 434 2756 καὶ
458 2694 584 2772 κομψὸς
609 2693 789 2758 ἀκόλουθα(
812 2694 859 2774 ἠν,
884 2694 943 2758 οὐκ
967 2693 1007 2758 ἂν
1025 2694 1171 2772 ἠχθόμην
1195 2695 1295 2759 αὐτοῦ

160 2799 407 2878 προεφὲροντοε
431 2797 479 2860 ἐπὶ
502 2801 570 2861 ταῑε
593 2796 702 2876 ὀργαῖς
726 2797 882 2876 {comper
985 2799 1022 2862 τὸ
1047 2797 1076 2861 δ’
1093 2798 1194 2862 αὑτὸν
1221 2798 1296 2862 ἰδεῖν

160 2903 249 2979 παρὰ
277 2899 371 2979 φύειν
400 2899 514 2978 ἔχοντα
542 2901 591 2962 καὶ
619 2901 909 2978 ευντεταραγμὲνον
935 2901 974 2964 οὐ
1004 2901 1115 2978 μικρόν
1144 2900 1224 2965 ἐετιν
1253 2901 1296 2965 εἰ(

164 3005 316 3082 διαβολὴν
339 3004 399 3066 τοῦ
423 3003 555 3067 πάθους.
589 3004 722 3080 καὶγὰρ
746 3003 795 3065 καὶ
818 3004 876 3080 τήν
900 3003 1032 3082 Ἀθηνᾶν
1058 3004 1234 3078 λέγουειν
1263 3002 1296 3066 οἱ

162 3109 365 3171 παίζοντε(
394 3104 553 3170 αὐλοῡεαν
581 3105 644 3169 ὑπὸ
678 3107 737 3169 τοῦ
767 3104 902 3183 εατύρον
930 3108 1142 3170 νουθετεῑεθαι
1176 3107 1225 3169 καὶ
1254 3107 1294 3184 μή

162 3210 346 3289 προεὲχεινε

327 3310 374 3375 Οὔ
398 3331 445 3375 τοι
469 3312 580 3388 πρέπει
603 3313 639 3375 τὸ
664 3315 781 3390 εχῆμα·
804 3312 880 3376 robe
905 3311 1020 3376 αὐλοὺς
1046 3313 1138 3391 μὲθεε

327 3414 381 3477 Καὶ
405 3413 516 3478 θῶπλα
539 3416 632 3480 λάζευ
657 3416 706 3478 καὶ
729 3413 869 3490 γνάθον(
895 3414 1080 3493 εὐθημόνει·

162 3532 356 3610 θεαεαμὲνην
380 3534 416 3595 δὲ
438 3535 498 3595 τοῦ
517 3535 695 3608 προεώπου
714 3535 771 3610 τήν
791 3530 867 3609 ὄψιν
891 3531 924 3594 ἐν
946 3537 1078 3614 ποταμῷ
1097 3552 1163 3614 τινι,
1188 3536 1296 3611 δυεχε-

162 3638 256 3712 ρᾶναι
275 3635 325 3697 καὶ
341 3634 491 3713 προὲεθαι
509 3636 585 3698 robe
600 3633 728 3698 αὐλούε.
761 3633 790 3697 Ν
793 3653 835 3697 on
857 3632 991 3696 dubium
1013 3635 1113 3716 igitur
1135 3637 1191 3716 est,
1217 3635 1295 3716 quin

163 3735 332 3816 Ovidius1)
357 3737 390 3800 et
412 3735 625 3800 Philostratus
649 3737 737 3801 hunc
755 3737 862 3801 locum
882 3757 900 3801 e
918 3737 1009 3801 libris
1028 3738 1194 3801 rhetorum
1216 3737 1295 3802 bau·

163 3844 381 3855 ———

258 3897 276 3964 ¹)
295 3895 376 3965 Apud
389 3895 520 3950 Ovidium
533 3897 659 3951 ‘tumere'
677 3896 752 3952 idem
771 3913 805 3952 ac
819 3897 950 3953 'sufflare'
969 3899 997 3951 et
1013 3898 1052 3951 ‘se
1070 3897 1201 3965 sufflare’,
1220 3897 1296 3967 quod

161 3981 278 4036 verbum
299 3980 336 4035 ad
354 3981 443 4036 iratos
467 3985 494 4035 et
513 3981 549 4036 ad
568 3981 638 4036 tibia
660 3987 796 4037 canentes
815 3983 948 4051 pertinet,
968 3982 1116 4052 significat.
1143 3981 1183 4037 Cl.
1202 3982 1295 4038 Plauti

162 4064 289 4120 Stichum
308 4066 427 4134 723sq.:

289 4149 346 4220 Age
367 4150 478 4217 tibicen,
498 4151 611 4220 quando
630 4151 735 4220 bibisti,
754 4152 828 4207 refer
847 4151 883 4207 ad
902 4152 999 4208 labeas
1019 4152 1111 4207 tibias.

290 4234 400 4291 Sultla
419 4236 547 4291 celeriter
567 4236 616 4291 tibi
636 4237 743 4292 buccas
762 4238 843 4308 quasi
862 4253 1031 4308 proserpens
1050 4237 1149 4293 bestia,
