2872 4822
256 364 319 428 198
677 371 793 426 Victor
815 370 959 438 Coulon,

253 541 293 606 ad
316 543 370 607 Th.
393 546 467 626 554,
491 544 651 608 Ahrensio
670 543 720 607 De
739 542 822 608 Dial.
838 543 914 607 Dor,
931 564 959 626 p.
978 545 1041 608 195
1066 543 1106 607 οὐ
1130 547 1265 623 χρῆ(θα;
1290 549 1385 625 cmm

252 645 393 710 scribere
416 646 589 729 locumque
606 647 654 710 sic
670 648 809 710 vertere:
834 665 900 710 non
916 647 965 709 vis
981 645 1060 727 (scil.
1077 646 1270 729 grunnire)l
1287 645 1385 709 siles?

253 749 342 826 Quae
366 751 496 834 vulgata
517 752 613 815 lectio
637 750 737 815 multo
761 751 940 833 simplicior
962 753 1059 833 atque
1082 750 1242 814 sincerior
1265 753 1315 813 est
1329 749 1385 812 illo

252 853 291 916 οὐ
316 858 437 932 χρῆτθα
461 858 554 931 (ιγῆν.

342 957 379 1020 V.
393 958 458 1020 966
475 958 509 1020 111
526 956 693 1022 codicibus
712 958 760 1020 sic
781 956 967 1020 exhibetur:
993 956 1051 1020 οὐκ
1070 956 1110 1019 ἂν
1132 956 1175 1034 μὰ
1192 955 1245 1019 Δι’
1268 955 1294 1019 εί
1313 956 1384 1033 δοίη

251 1060 287 1134 γὲ
311 1080 362 1137 μοι
384 1062 441 1138 τὴν
466 1061 586 1124 ἀεπίδα.
615 1061 653 1123 In
677 1060 808 1124 scholiis
832 1059 912 1124 hoec
935 1059 1163 1123 inveniuntur:
1193 1058 1252 1123 οὐκ
1276 1058 1318 1122 ἂν
1342 1059 1385 1136 μὰ

252 1161 303 1226 Δί’
320 1161 360 1226 οὐ
385 1165 489 1241 δοίην;
516 1162 562 1226 ὅτι
581 1162 629 1226 ἐπὶ
645 1163 792 1242 ὀψαρίων
812 1162 914 1240 μόνον
930 1164 1048 1237 λέγεται
1068 1164 1104 1225 τὸ
1122 1163 1253 1244 (λέγεται
1270 1163 1307 1224 τὸ
1324 1181 1384 1224 om.

251 1263 291 1345 R)
314 1266 459 1345 τέμαχος,
484 1264 533 1329 ἐπὶ
557 1269 592 1329 δὲ
615 1270 681 1329 τῶν
705 1264 814 1329 ἄλλων
836 1267 936 1343 τόμοτ
965 1265 1035 1329 οἷον
1058 1267 1167 1343 τυροῦ.
1199 1264 1241 1327 ut
1268 1264 1385 1327 lemma

252 1373 285 1431 et
307 1367 545 1432 adnotationem
569 1389 587 1431 e
612 1387 716 1450 versu,
741 1367 845 1451 qualis
869 1366 1037 1432 codicibus
1056 1366 1253 1448 adservatur,
1270 1366 1384 1431 abbor-

250 1490 323 1534 rere
345 1490 441 1534 nemo
465 1491 530 1534 non
550 1472 717 1554 intellegit
740 1471 873 1535 Lemma
892 1469 974 1534 illud
991 1470 1121 1553 quidem
1141 1470 1189 1533 sic
1209 1468 1383 1552 legendum

252 1580 312 1639 est:
338 1573 397 1638 οὐκ
421 1574 461 1638 ἂν
484 1575 528 1652 μὰ
546 1574 610 1660 Δί’]
636 1575 675 1638 οὐ
693 1577 793 1652 δοίην,
808 1576 846 1637 ut
862 1572 957 1638 verba
978 1572 1018 1637 οὐ
1035 1575 1126 1651 δοίην
1141 1573 1300 1656 glossema
1320 1573 1384 1636 sint

251 1676 290 1740 ob
306 1678 482 1760 interprete
499 1677 695 1760 adscriptum
708 1681 883 1760 propterea,
899 1677 985 1758 quod
997 1677 1032 1738 in
1045 1695 1141 1740 versu
1153 1680 1263 1739 nostro
1276 1680 1383 1739 mente

250 1778 433 1843 addendum
458 1783 507 1843 est
529 1779 662 1843 verbum
688 1778 794 1860 dandi,
819 1800 883 1863 quo
907 1799 1020 1843 servus
1044 1780 1078 1841 in
1102 1800 1130 1842 ν.
1148 1779 1213 1843 960
1230 1799 1299 1861 sqq.
1319 1781 1383 1844 ἐκέ-

250 1885 322 1948 λευε
344 1883 494 1962 Λάμαχός
518 1903 549 1947 τε
567 1919 609 1929 -
627 1886 854 1959 μεταδοῦναι
874 1903 953 1946 usus
977 1889 1031 1946 est
1056 1883 1381 1966 Interpretamentum

250 1988 357 2049 autern
382 1986 428 2049 ὅτι
452 1986 500 2049 ἐπὶ
517 1986 666 2065 ὀψαρίων
685 1990 755 2068 xri„
777 2005 842 2068 quo
858 1985 1108 2049 Rutherlordius
1123 1985 1301 2049 infeliciter
1316 1986 1381 2069 pel·

249 2088 353 2152 lectus
377 2094 435 2170 est,
464 2095 500 2151 ut
523 2109 551 2152 v.
577 2090 642 2152 966
670 2089 704 2150 in
734 2087 927 2170 quibusdam
956 2087 1123 2152 codicibus
1151 2089 1199 2151 sic
1227 2087 1380 2152 traditum

249 2191 352 2255 tuisse
376 2192 608 2274 suspicaretur:
635 2191 694 2255 οὐκ
715 2191 755 2255 ἂν
780 2192 822 2268 μὰ
838 2191 891 2255 Δί’
908 2192 933 2255 εί
949 2194 1019 2270 δοίη
1035 2190 1153 2270 τεμάχη
1170 2195 1225 2269 τῆ(
1242 2191 1380 2273 detricos,

250 2293 289 2357 ad
314 2315 341 2357 ν.
368 2296 430 2357 967
457 2297 586 2377 spectat.
