2978 4814
308 363 495 431 Quaestiones
513 363 627 418 criticae
645 363 676 417 in
693 362 891 431 Aristophanis
910 361 1030 417 fabulas.
1196 358 1238 420 39

104 537 206 598 tirum
229 540 368 614 χρυεοῡ(
384 538 538 619 sequitur,
563 535 714 599 Aeschin.
731 535 747 598 l
766 537 837 615 181,
862 535 918 597 nbi
934 534 973 598 do
989 533 1126 616 decreto,
1152 536 1238 618 quod

103 646 149 703 est
173 638 214 704 do
238 639 415 703 reduoibus
434 661 452 703 a
468 639 572 720 Phyla
596 637 734 719 castello,
759 637 856 702 verba
874 638 975 700 fiunt:
1000 638 1105 701 ἔπειτα
1124 639 1238 704 κελεύει

104 746 337 821 σεφανοῡοθαι
361 746 479 807 Θαλλοῡ
504 740 651 824 ετεφάνῳ
676 740 782 805 αὐτῶν
807 742 945 821 ἕκαετον,
970 740 1099 804 ἀλλὀὐ
1124 748 1238 825 χρυεῷ.

103 845 172 909 τότε
196 849 255 924 μέν
278 848 340 924 γὰρ
365 847 404 924 ἦν
428 846 447 909 ὁ
470 849 529 910 τοῦ
554 849 673 910 θαλλοῦ
698 846 855 925 ετέφανοε
879 847 983 925 τίμιος,
1007 847 1076 909 νυνὶ
1095 848 1130 909 δὲ
1149 846 1238 910 καὶὸ

103 951 238 1026 χρυεοῦε
262 949 545 1028 καταπεφρόνηται.

191 1051 229 1114 In
260 1071 289 1114 v.
307 1050 425 1114 596ss
454 1051 585 1134 praebet
613 1052 692 1115 κατὰ
720 1056 802 1129 μῆνα
828 1051 1009 1131 προεάγειν,
1038 1051 1136 1116 S-tt
1160 1053 1239 1116 κατὰ

104 1154 172 1230 μῆν’
197 1154 397 1231 ἀποπέμπειν
425 1155 642 1237 superscripto
665 1175 713 1233 γρ.
737 1155 815 1217 κατὰ
839 1158 921 1231 μῆνα
944 1155 1112 1233 προεάγειν
1141 1155 1175 1217 iu
1200 1155 1237 1218 V.

103 1255 150 1319 lix
171 1276 218 1337 eo,
245 1256 332 1339 quod
356 1257 390 1319 in
408 1257 436 1317 V
452 1256 579 1338 legitur,
596 1257 813 1339 colligendum
830 1276 900 1320 osse
916 1262 994 1340 puto
1010 1259 1045 1320 iu
1061 1259 1237 1341 archetypo

103 1423 258 1505 scriptum
282 1422 383 1486 fuisse
407 1425 485 1485 κατὰ
511 1420 582 1500 μῆν’
603 1357 807 1499 ἀιτιῐάιοιίέῖιγτξέῖν.
831 1426 941 1505 Atque
964 1424 1113 1487 librarius
1133 1424 1161 1488 R
1179 1444 1237 1507 pro

102 1527 245 1607 genuina
264 1526 424 1609 scriptura
443 1524 640 1602 ἀποπέμπειν
659 1526 794 1608 glossam
812 1527 1050 1591 interlinearem
1067 1527 1237 1605 προεάγειν

102 1628 311 1710 transcripsit
336 1627 447 1691 Lectio
463 1634 569 1690 autem
587 1629 790 1709 προπέμπειν,
808 1650 902 1711 quam
917 1631 1047 1712 quidam
1064 1650 1104 1694 ex
1122 1631 1237 1695 deteri·

102 1731 210 1793 oribus
236 1729 403 1794 codicibus
423 1733 455 1794 et
473 1730 571 1794 schol.
589 1750 651 1794 rec.
669 1731 831 1813 exhibent,
852 1751 869 1796 e
890 1733 995 1797 vorbis
1014 1735 1181 1811 προεάγειν
1206 1737 1238 1798 et

101 1833 302 1910 ἀποπέμπειν
327 1833 467 1897 conflata
491 1840 548 1897 est.

190 1937 230 1999 In
247 1956 275 1999 v.
289 1938 376 2000 1010
393 1939 442 2000 καὶ
457 1940 496 2014 νή
514 1936 565 2000 Δί’
585 1938 609 2000 εἰ
626 1939 824 2016 λυπουμένην
841 1942 869 2011 γ’
882 1939 1018 2002 dichorio
1032 1960 1068 2016 με
1081 1940 1238 2023 particula

100 2039 128 2113 γ’
140 2039 217 2103 inR
234 2039 333 2103 abest.
356 2038 517 2103 Velseuus
533 2059 597 2102 non
615 2045 702 2102 recte
718 2039 803 2121 fecit,
821 2041 906 2122 quod
924 2043 1114 2124 scripturam
1128 2042 1155 2106 R
1171 2063 1237 2107 am-

99 2144 216 2226 plexus
229 2149 285 2206 est
304 2143 381 2206 Iure
393 2149 504 2206 contra
516 2143 709 2224 Blaydesius
722 2147 846 2208 monet:
862 2146 1092 2210 “Restitueuda
1106 2150 1236 2212 omnino

99 2246 264 2330 particulo,
278 2265 362 2328 quae
374 2246 468 2328 plane
477 2247 530 2310 hic
541 2248 748 2329 requiritur”.
761 2247 791 2310 N
793 2269 844 2311 am
857 2249 1008 2332 permulti
1025 2251 1238 2314 inveniuntur

98 2350 170 2428 loci,
195 2350 314 2432 quibus
338 2349 493 2412 locutioni
517 2353 566 2413 καὶ
589 2352 627 2427 νὴ
654 2351 717 2413 Δία
741 2350 830 2415 brevi
847 2353 948 2434 spatio
970 2353 1064 2415 unius
1084 2353 1236 2418 duorum·

98 2473 139 2517 ve
157 2453 386 2517 vocabulorum
404 2453 585 2517 intermisso
601 2455 807 2537 particulare
824 2455 960 2518 additur.
984 2455 1068 2520 Satis
1081 2457 1236 2522 habemus

98 2556 197 2620 hosce
220 2556 309 2619 locos
332 2555 465 2619 afferre:
496 2556 624 2619 Ρ1.131
650 2557 699 2620 καὶ
723 2559 761 2633 νή
787 2557 838 2620 Δί’
860 2551 1003 2636 εὔχονταί
1026 2579 1071 2639 γε,
1098 2560 1161 2623 144
1186 2563 1236 2625 καὶ

97 2662 136 2735 νή
163 2659 215 2723 Δί’
231 2660 259 2722 εἴ
278 2660 306 2721 τί
329 2657 359 2733 γ’
379 2659 447 2738 terr,
471 2657 528 2740 Eq.
546 2661 611 2721 418
637 2662 685 2722 καὶ
707 2661 746 2736 νὴ
772 2660 824 2723 Δί’
841 2659 921 2724 ἀλλα
944 2660 974 2734 γ’
991 2660 1051 2724 tert
1075 2684 1144 2743 μου,
1170 2665 1234 2726 119

97 2765 149 2826 καὶ
171 2765 210 2839 νὴ
235 2762 288 2826 Δί’
308 2761 373 2825 ὑπό
396 2783 432 2837 γε
456 2763 642 2844 δεξιότητος,
667 2762 696 2825 Ν
700 2762 727 2825 b.
747 2764 830 2826 1221
858 2767 906 2827 καὶ
930 2767 967 2841 νὴ
988 2764 1040 2827 Δί’
1057 2765 1235 2830 ἀποδώεειν

96 2866 127 2940 γ’
145 2867 301 2944 ἐπώμνυε.
326 2865 373 2928 ef.
389 2865 489 2928 multa
505 2865 567 2928 alia
584 2866 731 2949 exempla
747 2867 781 2928 in
799 2866 963 2947 Blaydesii
979 2867 1085 2930 adnot.
1107 2868 1146 2931 ad
1163 2869 1192 2932 h.
1207 2890 1234 2932 ν.

96 2978 260 3052 congesta.

188 3072 227 3135 In
244 3093 273 3135 v.
293 3072 378 3136 1020
398 3072 491 3135 lectio
508 3071 606 3135 s-V
623 3077 671 3136 est
687 3073 797 3154 χρόας,
822 3073 850 3137 R
867 3078 985 3152 χροιάε.
1010 3074 1126 3139 Poetes
1143 3074 1235 3158 diph-

93 3177 226 3258 thongis
251 3198 289 3257 οι,
313 3198 344 3239 αι
368 3181 400 3238 et
424 3175 588 3239 vocalibus
613 3196 640 3255 ο,
666 3196 686 3238 α
710 3181 784 3239 ante
802 3177 927 3242 vocales
944 3198 1019 3242 usos
1036 3198 1116 3259 esse,
1140 3185 1236 3262 prout

94 3282 236 3342 metrum
260 3299 363 3349 unum
384 3278 560 3342 alterumve
575 3278 756 3361 postulavit
781 3299 875 3343 nemo
892 3281 1002 3344 nescit.
1028 3281 1127 3343 Velut
1150 3281 1234 3364 apud

92 3383 347 3465 Aristophanem
365 3383 531 3445 invenitur
548 3380 627 3459 ῥόα(
650 3384 741 3445 metri
758 3402 855 3446 causo
870 3384 904 3444 in
922 3382 982 3465 Vp.
1004 3384 1099 3463 1260,
1124 3390 1236 3446 contra

93 3487 198 3564 ῥοιῶν
221 3487 256 3548 in
280 3484 334 3549 Po.
355 3487 437 3549 1001
464 3487 608 3548 numeris
631 3485 758 3568 longam
786 3486 940 3567 syllabam
970 3485 1234 3550 desiderantibus.

91 3589 141 3653 cf.
159 3590 257 3653 etiam
281 3588 337 3652 Ec.
356 3590 429 3670 616,
461 3590 535 3668 684,
565 3591 638 3669 686,
669 3589 723 3652 ubi
749 3590 768 3652 1“
791 3592 885 3652 crode
914 3595 948 3651 et
976 3589 1070 3652 crodv
1095 3588 1234 3668 exhibet,

90 3693 121 3757 R
147 3699 237 3756 reete
274 3693 377 3756 mord(
408 3698 440 3755 et
471 3695 584 3771 (ποιὰν,
616 3711 698 3774 quae
729 3692 850 3754 formae
882 3694 983 3753 metro
1015 3692 1234 3772 requiruntur.

89 3797 170 3860 Vox
195 3795 281 3874 χρόα
310 3799 437 3877 praeter
465 3814 493 3858 v.
519 3797 605 3859 1020
635 3798 786 3876 quattuor
812 3794 893 3857 locis
924 3795 1090 3876 reperitur.
1126 3796 1234 3874 Atque

88 3901 198 3964 tribus
230 3897 311 3961 locis
347 3896 418 3976 (Nb.
448 3900 522 3978 118,
560 3899 654 3978 1012,
693 3898 790 3977 1016)
824 3897 968 3959 numeris
1003 3896 1106 3959 forma
1142 3897 1234 3974 χροιὰ

85 4025 148 4089 per
180 4002 423 4086 diphthongum
455 4002 604 4083 poscitur.
640 4000 759 4075 Quarto
794 4003 901 4063 autem
932 4000 1004 4063 loco
1039 3998 1110 4080 (Nb.
1137 3999 1234 4077 1111)

85 4106 170 4172 nihil
206 4107 356 4182 interest
399 4109 508 4165 utrum
543 4104 655 4181 χροιὰν
689 4122 730 4165 au
766 4102 868 4180 χρόαν
903 4101 1040 4178 scribas3
1084 4106 1235 4163 neutrum

84 4229 244 4277 numeros
278 4205 422 4269 violabit.
465 4205 535 4282 Quo
571 4207 640 4269 loco
670 4226 743 4270 cum
775 4208 808 4268 in
839 4205 1004 4268 codicibus
1035 4206 1092 4280 τήν
1123 4203 1234 4280 χροιὰν

82 4316 294 4393 exhibeatur,
325 4310 390 4372 nisi
416 4309 501 4392 quod
523 4309 553 4373 R
574 4309 655 4372 falso
680 4309 856 4392 genitivum
885 4312 940 4385 ihc
964 4311 1072 4386 χροιάε
1096 4304 1234 4388 praebet,
