3248 4910
99 399 254 468 Epistulae
267 399 423 455 amatoriae
435 397 576 470 ηαοιποιίο
591 398 765 454 cohaereant
777 415 841 454 cum
856 400 952 470 elegiis
961 400 1169 456 Alexandrinis.
1199 395 1241 458 19

103 570 212 652 Walz,
229 570 309 634 rhet.
324 571 431 654 graeci
450 570 467 634 Ι
485 590 514 654 p.
528 571 592 634 235
603 587 658 652 sq,
674 569 821 654 Spengel,
838 571 917 636 rhet.
934 574 1042 656 graeci
1061 572 1095 636 II
1110 575 1242 658 ρ.115);

104 675 178 738 ὑπὸ
202 676 237 738 δὲ
262 675 361 738 τοῦτο
381 674 417 737 τὸ
443 675 539 748 γένος
561 677 617 751 τῆς
641 675 808 750 γυμνοςίας
831 676 1113 758 (προςωποποιίας)
1142 679 1244 743 πίπτει

105 779 163 841 καὶ
183 778 220 842 τὸ
236 781 302 840 τῶν
318 780 542 856 πανηγυρικῶν
559 777 668 851 λόγων
687 771 774 842 εἶδος
795 777 845 841 καί
864 777 901 840 τὸ
922 782 988 841 τῶν
1005 785 1244 858 προτρεπτικῶν

107 882 164 944 καὶ
185 881 223 944 τὸ
238 883 304 944 τῶν
323 879 527 944 ἐπιςτολικῶν
535 880 566 958 ¹).
586 877 734 944 Fortasse
752 880 848 944 etiem
868 899 909 944 ex
929 881 1128 964 cognatione,
1149 903 1244 966 quam

107 983 199 1046 inter
227 981 381 1065 epistulas
410 983 444 1046 et
472 981 615 1066 dialogos
641 981 843 1048 intercedere
877 983 1055 1067 rhetores¹)
1082 985 1246 1069 putabant,

109 1085 186 1149 illas
206 1084 347 1148 maxime
368 1082 483 1149 idonea
506 1084 654 1168 exempla
674 1087 977 1170 prosopopoeiarum
1000 1105 1072 1152 esse
1094 1089 1246 1154 concludi

109 1191 228 1273 potest
260 1187 446 1252 Demetrius
477 1187 564 1252 enim
593 1189 626 1252 in
657 1188 712 1252 illo
742 1187 834 1271 libro,
866 1190 919 1254 cui
948 1189 1062 1254 titulus
1096 1195 1145 1256 est
1176 1193 1246 1273 περί

112 1292 292 1373 ἑρμηνείας,
324 1311 390 1374 cap.
411 1291 475 1354 223
488 1311 534 1373 sq.
568 1291 832 1375 epistolograpbis
865 1291 993 1357 easdem
1028 1293 1115 1378 leges
1150 1301 1248 1378 atque

112 1393 302 1460 auctoribus
320 1394 520 1478 dialogorum
536 1393 734 1458 adhibendas
751 1413 823 1459 esse
840 1393 956 1478 dicitu.
977 1395 1062 1473 Quin
1079 1397 1247 1481 epistulam

114 1499 248 1563 alteram
275 1499 397 1581 partem
423 1496 541 1580 dialogi
565 1515 636 1562 esse
665 1499 870 1562 Artemonem
897 1495 1047 1564 docuisse
1071 1499 1126 1564 ille
1155 1501 1249 1566 nobis

115 1600 230 1665 tradit:
250 1602 412 1680 Ἀρτέμων
434 1599 573 1678 μὲνοῦν
596 1599 615 1664 ό
637 1600 694 1665 τὰς
714 1601 950 1680 Ἀριςτοτὲλους
975 1600 1162 1682 ἀναγράψας
1186 1603 1250 1668 ἐπι-

115 1757 195 1812 Walz
215 1758 232 1811 l.
246 1757 263 1810 l.
284 1756 295 1810 l
314 1772 340 1826 p.
353 1755 402 1810 101
415 1771 465 1824 sq,
484 1754 603 1825 Spengel
622 1755 640 1808 l.
654 1753 670 1808 l.
690 1754 714 1809 11
731 1771 757 1824 p.
767 1753 821 1824 to).
848 1753 954 1811 Contra
973 1759 1250 1828 prosopopoeiae

117 1841 234 1897 nomine
254 1841 444 1910 Hermogenes
462 1839 491 1894 id
508 1839 632 1894 studium
650 1843 739 1909 notat,
766 1855 821 1910 quo
841 1843 969 1895 oratores
988 1841 1093 1897 fictas
1112 1859 1251 1912 personas

117 1928 266 1996 loquentes
281 1925 426 1994 inducunt,
445 1923 665 1993 idolopoeiae
685 1923 721 1992 id,
741 1939 796 1994 quo
815 1924 940 1979 mortui
957 1925 1105 1994 loquentes
1124 1926 1252 1983 introdu-

119 2015 230 2079 cuntur,
250 2012 284 2066 ci.
297 2011 375 2066 Walz
393 2012 410 2064 l.
423 2011 440 2065 l.
459 2011 470 2065 l
486 2009 616 2080 pl-lsq,
636 2009 756 2079 Spengel
773 2009 819 2064 l.l.
833 2009 856 2063 ll
870 2025 896 2079 p.
908 2008 956 2064 15:
976 2010 1252 2077 Προςωποποιία

119 2097 160 2164 δέ,
175 2097 244 2149 όταν
263 2095 408 2162 πράγματι
427 2097 619 2162 περιτιθῶμεν
632 2094 800 2162 πρόςωπον,
820 2095 915 2161 ὥςπερ
935 2095 1080 2162 όέλεγχος
1098 2097 1177 2164 παρὰ
1194 2099 1253 2154 Με·

121 2183 247 2250 νόνδρῳ,
267 2180 312 2235 καί
330 2181 424 2246 ὥςπερ
438 2180 516 2246 παρὰ
534 2183 575 2248 τῷ
590 2178 743 2247 Ἀριςτείδη
763 2178 919 2244 ἡθόλαςςα
931 2182 1052 2235 ποιεῖται
1070 2181 1138 2236 τοὺς
1151 2183 1253 2247 λόγους

122 2268 196 2334 πρός
220 2267 288 2320 τοὺς
308 2263 481 2331 Ἀθηναίους.
507 2265 524 2330 ἡ
544 2264 576 2318 δὲ
599 2265 728 2330 διαφορὰ
750 2265 840 2331 δήλη·
861 2263 916 2318 ἐκεῖ
938 2263 997 2333 <ἐν
1015 2264 1177 2336 ἡθοποιίᾳ)
1203 2269 1253 2332 μὲν

121 2353 177 2418 γὰρ
198 2351 283 2404 ὄντος
296 2349 454 2417 προςῶπου
474 2349 577 2412 λόγους
590 2349 762 2418 πλόττομεν,
781 2349 904 2404 ἐνταῦθα
923 2350 955 2404 δὲ
974 2351 1026 2404 οὐκ
1044 2353 1079 2404 όν
1095 2353 1254 2418 πρόςωπον

122 2436 292 2500 πλάττομεν.
321 2432 569 2488 εἰδωλοποιίαν
590 2434 623 2488 δέ
651 2451 736 2501 φοςιν
760 2435 864 2504 ἐκεῖνο,
892 2433 963 2490 όταν
987 2439 1060 2491 τοῖς
1087 2442 1254 2494 τεθνεῶςι

123 2522 252 2584 λόγους
277 2519 523 2585 περιόπτωμεν
549 2520 633 2576 ant.
659 2519 743 2575 Vides
764 2519 860 2590 igitur,
885 2521 1025 2591 quomodo
1051 2523 1129 2580 Theo
1154 2523 1185 2579 in
1206 2525 1254 2580 de-

123 2605 248 2661 finiendo
267 2621 285 2659 a
304 2603 405 2658 ceteris
423 2602 609 2673 scriptoribus
622 2609 909 2675 progymnasmatum,
929 2606 976 2676 qui
995 2607 1088 2662 solum
1107 2623 1255 2664 sermones

124 2707 218 2746 rerum
236 2693 377 2744 mutarum
395 2688 615 2759 prosopopoeias
634 2688 791 2757 nominant,
811 2689 968 2745 dissentiat.
987 2689 1045 2746 Nos
1061 2690 1125 2761 ipsi,
1143 2708 1208 2748 cum
1224 2693 1255 2748 in

125 2781 223 2832 nostro
246 2775 342 2830 libello
365 2773 400 2829 de
419 2773 632 2844 prosopopoeiis
654 2774 829 2842 disserimus,
851 2775 918 2846 vim,
942 2791 1027 2846 quem
1049 2763 1135 2832 Tbeo'
1149 2777 1190 2833 illi
1213 2782 1256 2834 at·

126 2862 231 2929 tribuit,
250 2861 338 2916 verbo
357 2859 544 2929 iniungemus.

219 2951 239 3021 ι)
258 2950 349 3006 Etiam
369 2949 475 3004 Plinius
494 2949 614 3004 Fuscum
637 2948 667 3004 in
686 2948 780 3004 studio
800 2949 936 3020 epistulas
959 2950 1101 3006 scribendi
1120 2952 1256 3008 exercita-

126 3035 212 3091 tionis
236 3052 324 3091 causa
348 3034 495 3104 diligenter
514 3035 623 3090 versari
646 3034 730 3090 iubet.
760 3034 799 3088 Cf.
819 3033 901 3089 Plinii
920 3033 1103 3104 epistularum
1121 3036 1168 3092 Vll
1186 3037 1211 3104 9,
1224 3037 1256 3092 8:

127 3123 200 3177 ‘volo
220 3121 369 3190 epistulam
387 3119 548 3190 diligentius
567 3119 684 3176 scribas.
712 3119 784 3175 Nam
871 3135 985 3189 pressus
1004 3137 1097 3176 senno
1115 3137 1258 3192 purusque

129 3224 163 3262 ex
182 3207 309 3276 epistulis
329 3205 450 3276 petitur’.

219 3299 241 3366 ¹)
260 3295 364 3350 liudolf
375 3295 476 3363 Hirzel,
489 3294 544 3349 Der
557 3294 664 3364 Dialog,
677 3293 791 3366 Leipzig
804 3293 883 3362 1895,
896 3295 907 3348 l
925 3311 951 3363 p.
964 3293 1018 3350 305
1027 3310 1098 3365 sqq,
1116 3295 1259 3352 Hermann

130 3382 218 3450 Peter,
231 3381 287 3436 Der
299 3380 376 3436 Briel
386 3381 416 3434 in
433 3381 482 3436 der
495 3380 655 3436 romischen
667 3380 819 3436 Litteratur
831 3379 1067 3450 (Abhandlungen
1085 3381 1134 3436 der
1146 3379 1260 3436 Philol-

130 3469 231 3524 llistor.
245 3467 343 3523 Classe
356 3467 406 3523 der
418 3467 525 3537 Kdnigl.
539 3466 728 3524 sachsischen
743 3465 928 3522 Gesellschatt
946 3464 996 3520 der
1008 3465 1258 3522 wissenschaften.

131 3554 210 3609 Rand
222 3552 271 3608 XX
284 3553 309 3608 3.
329 3552 440 3622 Leipzig
453 3551 534 3622 1901)
548 3569 575 3622 p.
589 3551 624 3608 19
633 3569 684 3622 sq,
701 3552 730 3606 L.
743 3551 962 3620 Radermacher,
975 3551 1108 3608 Demetrii
1122 3551 1261 3620 Phalerei,

132 3640 178 3710 qui
197 3637 300 3694 dicitur
319 3637 354 3692 de
370 3637 544 3707 Eloculione,
562 3637 683 3705 libellus,
704 3637 782 3693 1901.
802 3654 827 3707 p.
839 3637 900 3692 109.

221 3724 243 3793 ³)
263 3724 399 3779 Conleras
417 3724 504 3779 etiam
523 3723 658 3779 Demetrii
680 3723 697 3778 l.
711 3723 729 3778 l.
749 3739 811 3792 cap.
824 3723 892 3778 227:
914 3725 1045 3778 tristarer
1063 3723 1095 3777 δέ
1114 3723 1203 3789 ἐχέτω
1220 3724 1262 3778 τό

133 3809 254 3876 ἠθικόν
279 3808 297 3874 ἡ
324 3809 499 3878 ἐπιςτολή,
526 3809 621 3876 ὥςπερ
644 3807 689 3862 καί
715 3809 731 3862 ό
757 3809 938 3872 διόλογος·
965 3809 1066 3875 εχεδόν
1088 3809 1143 3875 γὰρ
1167 3806 1262 3862 εἰκόνα

134 3897 246 3948 tructos
264 3895 316 3959 τῆς
328 3894 432 3947 ἑαυτοῦ
451 3897 546 3960 ψυχῆς
563 3893 671 3960 γρόφει
688 3893 743 3960 τήν
756 3891 913 3960 ἐπιςτολήν.
933 3895 1024 3962 rant,
1044 3892 1209 3962 Quintiliani
1225 3893 1262 3948 IX

133 3980 158 4048 4,
173 3980 221 4036 19:
241 3979 297 4034 'est
310 3979 394 4049 igitur
412 3983 479 4034 ante
495 3979 593 4034 omnia
611 3978 702 4034 oratio
721 3978 779 4034 alia
790 3978 887 4033 vincta
906 3983 990 4048 atque
1009 3981 1150 4047 contexta,
1170 3978 1264 4034 soluta

135 4066 198 4133 alia,
218 4063 309 4134 qualis
328 4064 358 4118 in
382 4080 539 4120 sermone
563 4067 591 4119 et
610 4063 793 4134 epistulis'.
820 4063 945 4120 Senecae
965 4063 1046 4133 epist.
1059 4062 1096 4117 IX
1113 4061 1132 4117 4
1152 4063 1216 4134 (75),
1230 4065 1261 4119 1;

136 4149 234 4220 'qualis
256 4164 348 4204 sermo
367 4165 446 4203 meus
460 4153 544 4216 esset,
563 4148 588 4204 si
606 4163 666 4203 una
684 4147 846 4204 sederemus
866 4153 914 4203 aut
927 4147 1145 4219 ambularemus,
1163 4147 1265 4204 illabo-

136 4241 213 4291 ratus
236 4233 387 4302 etfacilis,
414 4234 485 4289 tales
507 4250 570 4289 esse
593 4233 729 4304 epistulas
751 4249 829 4288 meae
851 4233 928 4302 volo,
954 4248 1027 4302 quae
1048 4231 1119 4287 nibil
1140 4232 1265 4290 habeant

137 4320 305 4377 accersitum
324 4335 378 4375 nec
396 4318 510 4375 fictum'.

1120 4407 1157 4463 2*
