2894 4824
280 326 344 388 104
726 330 843 385 Victor
863 329 1003 395 Coulon,

277 504 324 567 fit.
356 503 505 567 Comicus
535 504 619 566 euim
650 502 815 566 Cratinum
842 502 1059 580 περτπόνηρον
1086 502 1271 585 significare
1301 503 1413 583 voluit,

277 610 316 670 ut
337 608 541 671 adnotatione
570 607 668 671 schol.
691 607 766 686 παρ’
787 608 944 671 δπονοίαν
968 611 1003 670 δὲ
1026 606 1088 687 ἔφη
1111 610 1149 672 τὸ
1174 609 1348 685 Ἀρτέμων·
1373 608 1411 672 οὐ

278 713 340 790 γὰρ
370 715 494 792 τοῦτον,
526 711 604 774 ἀλλὰ
632 713 690 774 τὸν
722 711 874 790 Κρατῖνον
906 713 1051 788 βούλεται
1082 713 1217 789 δηλῶ(αι
1249 709 1413 774 docemur.

278 814 423 878 Manavit
442 816 528 877 certe
543 813 623 876 illud
640 815 716 878 οὐδὲ
736 833 777 877 ex
797 815 888 877 initio
908 834 936 876 ν.
954 816 1018 876 848
1039 814 1108 876 οὐδ’
1126 813 1276 893 ἐντυχών.
1301 814 1413 879 Lectio

278 924 385 982 autem
414 917 484 980 οὐδ’
506 918 613 995 ὥεπερ
638 916 656 978 ὁ
680 919 820 995 πανηρὸ(
848 919 904 980 aut
927 916 1044 981 Suidae
1068 918 1130 1000 ipsi
1154 919 1281 981 crimini
1307 918 1414 981 danda

279 1023 335 1101 est
360 1039 456 1103 quem
481 1020 664 1102 saepissime
688 1019 785 1082 verba
809 1021 1030 1082 immutantem
1054 1019 1333 1102 deprehendimus,
1358 1027 1414 1084 aut

279 1123 416 1186 librariis
440 1142 497 1206 pro
522 1122 541 1185 ὁ
561 1143 631 1200 περι
650 1121 730 1185 falso
750 1122 855 1201 ὥ(περ
879 1121 898 1185 ὁ
923 1122 1217 1187 transcribentibus
1242 1122 1350 1205 Atque
1374 1123 1412 1186 ad

280 1226 379 1289 verba
395 1227 413 1289 ὁ
433 1224 648 1302 περιπόνηρος
667 1224 823 1302 Ἀρτέμων
838 1224 1027 1288 illustranda
1045 1224 1245 1307 Blaydesius
1262 1226 1357 1289 ouius
1373 1226 1410 1290 of.

280 1329 386 1392 adnot.
410 1328 451 1392 ad
479 1328 508 1391 h.
532 1347 570 1408 a,
600 1333 726 1410 praeter
753 1326 815 1390 aha
842 1326 998 1408 Hesychii
1023 1327 1160 1410 glossam
1187 1328 1410 1407 Περιπόνηρο(

279 1433 435 1511 Ἀρτέμων
459 1436 491 1494 et
513 1430 630 1495 Athen.
655 1429 721 1492 XII
745 1432 808 1492 533
834 1449 851 1493 e
875 1430 1015 1512 protulit
1143 1469 1144 1472 =

370 1534 406 1598 In
436 1534 503 1598 line
532 1554 561 1596 v.
586 1535 650 1597 916
675 1533 703 1597 R
732 1533 894 1616 ceterique
923 1533 1014 1596 codd.
1039 1535 1225 1612 θρυαλλίδα(
1249 1533 1410 1614 exhibent,

280 1638 302 1703 S
326 1640 498 1716 θρυαλλίδα
515 1639 596 1720 etin
616 1643 708 1700 textu
732 1637 821 1700 etin
845 1636 951 1717 schol,
976 1656 1050 1700 cum
1074 1635 1172 1699 schol.
1197 1636 1226 1699 R
1249 1638 1283 1698 in
1308 1636 1410 1700 adnot

281 1743 471 1820 θρυαλλίδα(
498 1740 656 1823 praebeat.
692 1739 760 1803 Alii
788 1740 891 1803 critici
922 1740 1119 1821 singularem
1148 1741 1328 1820 θρυαλλίδα,
1360 1739 1410 1803 alii

280 1844 435 1928 pluralem
452 1845 641 1923 θρυαλλίδα(
657 1843 796 1926 amplexi
812 1849 895 1905 sunt.
919 1842 958 1905 In
974 1845 1118 1906 extremo
1137 1863 1166 1906 v,
1183 1845 1246 1906 917
1268 1842 1344 1907 Bor
1363 1845 1412 1907 διὰ

281 1949 469 2027 θρυαλλίδα(
486 1946 624 2028 tradunt,
640 1946 696 2011 Ao
714 1948 903 2026 θρυαλλίδα(
920 1948 992 2026 (om.
1005 1948 1075 2025 διά).
1100 1945 1138 2009 In
1155 1945 1184 2007 R
1199 1951 1284 2009 totus
1301 1965 1412 2010 versus

281 2056 411 2134 propter
434 2050 711 2114 homoeoteleuton
735 2049 832 2114 deest.
870 2049 1017 2112 Rditores
1043 2051 1078 2111 in
1107 2069 1135 2112 ν.
1153 2051 1215 2112 917
1241 2069 1412 2113 numerum

281 2155 475 2238 singularem
494 2156 714 2236 restituerunt
739 2154 826 2236 quod
844 2154 877 2217 in
898 2175 926 2218 ν.
944 2156 1009 2218 918
1029 2155 1134 2218 statim
1154 2155 1303 2236 sequitur
1322 2154 1412 2232 αὓτη

280 2260 341 2338 γὰρ
362 2262 423 2322 κτλ.
459 2258 661 2341 Quapropter
684 2263 844 2340 praestare
868 2257 947 2320 mihi
970 2257 1099 2321 videtur
1122 2258 1218 2321 etiam
1242 2259 1275 2319 in
1299 2277 1328 2320 v.
1349 2258 1413 2320 916

282 2381 356 2426 cum
372 2361 467 2425 Dind.
486 2361 593 2424 Elmsl.
612 2360 708 2425 Mein.
728 2360 799 2425 aliis
814 2360 914 2424 Suida
933 2368 1062 2424 auctore
1080 2363 1249 2437 θρυαλλίδα
1265 2360 1414 2424 seribere.

371 2465 410 2528 ln
434 2486 462 2527 v,
483 2467 545 2528 971
576 2461 655 2528 εἶδε(
683 2463 710 2526 ὠ
738 2468 831 2528 adca
849 2465 925 2527 πόλι
951 2466 1010 2527 τὸν
1038 2465 1197 2543 φρόνιμον
1226 2461 1330 2542 ἄνδρα
1358 2467 1415 2528 τὸν

282 2570 469 2648 δπίρωφον
493 2567 591 2632 verba
614 2563 694 2631 είδε(
717 2567 744 2630 ὦ
768 2567 817 2629 bis
841 2567 995 2647 leguntur
1017 2567 1051 2629 in
1072 2565 1221 2629 omnihus
1240 2566 1415 2645 codicibus

282 2671 382 2735 semel
404 2672 439 2732 in
463 2670 484 2735 S
508 2673 540 2733 et
562 2669 711 2734 lemmate
735 2670 833 2733 schol
869 2670 914 2734 Ut
937 2670 1001 2733 dici
1025 2669 1133 2752 possit
1161 2675 1234 2733 ntra
1257 2671 1417 2752 scriptura

283 2775 410 2838 sincera
425 2773 474 2853 sit
495 2794 523 2836 v.
541 2775 605 2836 988
622 2772 822 2836 adhibendus
838 2778 894 2846 est
912 2774 968 2855 qui
984 2777 1093 2836 nostro
1110 2774 1218 2835 versui
1235 2774 1415 2855 respondet.

283 2877 380 2941 Initio
404 2897 432 2939 ν.
451 2878 515 2939 988
543 2877 713 2953 ἐπτέρωταί
736 2876 762 2939 τ’
787 2877 835 2939 ἐπὶ
858 2877 895 2939 τὸ
920 2880 1050 2941 δεῖπνον
1074 2876 1137 2953 ἅμα
1161 2879 1211 2939 καὶ
1235 2878 1354 2951 μεγάλα
1377 2880 1415 2953 δή

284 2983 399 3061 φρονεῖ
423 2980 454 3041 in
480 2979 508 3043 R
531 2999 593 3042 sec,
613 2977 720 3041 Herw.
741 2980 912 3057 ἐπτέρωταί
934 2978 969 3055 τ’,
994 2980 1027 3040 in
1052 2980 1072 3042 Γ
1089 2981 1138 3042 ταὶ
1157 2979 1195 3060 δ’,
1220 2979 1253 3041 in
1270 2981 1299 3042 A
1315 2984 1361 3042 τῶ
1379 2979 1416 3058 δ’,

285 3085 319 3146 in
339 3081 425 3148 ΒΕΔ
444 3081 522 3164 τάδ’,
546 3084 579 3144 in
603 3081 752 3145 lemmate
768 3081 865 3145 schol.
882 3083 921 3145 τὰ
938 3082 976 3163 δ’,
1000 3082 1056 3145 sed
1073 3083 1244 3159 ἐπτέρωται
1260 3083 1294 3144 in
1311 3081 1417 3145 adnot

285 3186 423 3251 scholR
440 3186 591 3273 traditum
608 3190 665 3248 est.
690 3185 881 3267 Priusquam
899 3191 1010 3247 notum
1027 3187 1094 3249 erat
1108 3186 1142 3246 in
1159 3184 1187 3247 R
1203 3184 1376 3262 ἐπτέρωταί
1390 3185 1417 3248 τ’

284 3290 433 3370 inveniri,
464 3288 602 3351 editores
633 3295 689 3350 aut
714 3287 864 3351 lacunam
891 3290 1071 3351 statuerunt
1098 3290 1194 3351 ante
1224 3289 1419 3351 coniecturis

285 3392 392 3455 locum
416 3391 654 3475 suppleverunt
678 3390 767 3454 velut
785 3390 987 3454 Meineckius
1010 3392 1043 3453 in
1064 3390 1159 3454 Vind.
1176 3394 1230 3454 Ar.
1255 3410 1284 3473 p.
1304 3393 1345 3454 18
1365 3393 1418 3455 οὑ·

285 3497 350 3558 το(λ
374 3494 403 3558 δ’
420 3494 574 3571 ἐπτόηται.
609 3494 677 3556 Ιατα
705 3512 777 3556 cum
807 3513 983 3576 pronomen
1013 3494 1118 3557 ohroct
1147 3492 1319 3557 delendum
1348 3513 1418 3558 esse

288 3603 420 3679 constet,
445 3597 523 3679 quin
549 3597 582 3659 in
605 3616 634 3658 v.
652 3598 714 3659 971
736 3596 831 3659 lectio
851 3596 872 3659 8
892 3603 924 3661 et
942 3597 1039 3659 schol.
1056 3591 1136 3660 εἶδε(
1158 3596 1312 3659 ὧαοαίτα
1328 3596 1418 3660 codd.

288 3697 366 3765 εἶδε(
392 3701 419 3763 ὠ
443 3696 525 3765 εἶδε(
551 3700 578 3762 ὧ
603 3719 678 3763 vera
702 3701 751 3779 sit
776 3699 914 3763 dubitari
938 3719 1004 3762 non
1027 3702 1139 3782 potest.

378 3804 416 3866 In
429 3803 496 3866 tine
510 3803 606 3865 huius
619 3802 807 3885 paragraphi
821 3822 923 3884 pauca
935 3802 1078 3866 dicamus
1094 3802 1134 3865 de
1150 3802 1230 3865 loeis
1246 3802 1420 3866 dialectum

289 3905 509 3988 Megarensem
541 3924 617 3988 prae
647 3924 682 3968 se
701 3904 887 3985 ferentibus
907 3924 987 3987 quos
1004 3925 1033 3987 p.
1050 3907 1170 3986 86sqq.
1191 3904 1301 3969 allatos
1318 3905 1419 3971 vides.

289 4007 408 4073 Omnes
437 4009 505 4072 lere
537 4027 632 4071 voces
663 4007 790 4071 dialecti
820 4007 1016 4090 Megarensis
1045 4009 1079 4071 in
1109 4008 1249 4072 Atticam
1277 4009 1420 4093 linguam

290 4131 401 4175 versae
424 4110 508 4195 apud
533 4110 664 4174 Suidam
687 4110 779 4174 nobis
803 4116 986 4174 occurrunt.
1018 4110 1104 4187 Quas
1127 4111 1322 4174 mutationes
1346 4132 1420 4175 oum

290 4214 460 4297 Buengero
491 4217 530 4297 (p.
553 4215 607 4294 61)
637 4233 702 4276 non
733 4214 794 4296 ipsi
824 4212 942 4276 Suidae
973 4212 1158 4277 tribuendas
1192 4231 1263 4278 esse
1295 4233 1420 4292 censeo,
