3236 4920
361 370 405 436 60
782 376 879 432 Josef
894 375 1070 445 Albertus,

437 577 466 640 2.
498 575 566 641 Der
587 575 741 641 Beistand
770 576 828 640 der
851 574 962 641 θὸίίω
983 575 1039 639 fiir
1063 575 1115 641 die
1138 576 1289 660 gereohte
1311 573 1435 640 Saohe.

450 705 490 770 In
513 705 621 771 seiner
643 705 760 771 letzten
779 705 869 770 Rede
892 705 976 770 nach
1000 705 1058 770 der
1075 705 1261 770 sicilischen
1279 703 1509 786 Katastrophe

360 808 495 874 beweist
514 807 635 892 Nikias,
659 808 720 873 dass
740 807 799 874 der
814 807 898 872 Zorn
914 807 972 872 der
987 807 1224 873 Himmlischen
1243 827 1311 872 nun
1331 805 1511 889 ersohsspft

361 914 410 978 sei
433 911 502 976 und
525 911 581 976 das
606 911 710 976 Glfick
734 931 774 975 zu
794 911 941 976 θυραίου
965 912 1091 976 Athens
1114 911 1184 976 sich
1207 911 1346 976 wenden
1373 915 1508 973 miisse:

360 1015 652 1098 Thuk.V1L77‚2
676 1015 774 1079 καίτοι
797 1016 899 1078 πολλὰ
923 1015 980 1092 μὲν
1003 1014 1035 1078 ἐς
1060 1015 1155 1080 θεοὺς
1173 1014 1289 1093 νόμιμα
1308 1016 1510 1096 δεδιῄτημαι,

361 1121 465 1184 πολλὰ
488 1121 524 1182 δὲ
548 1119 580 1182 ἐς
603 1117 796 1197 ἀνθρώπους
816 1117 915 1180 δίκαια
941 1119 990 1180 καὶ
1009 1117 1218 1199 ἀνεπίφθονα,
1243 1117 1313 1182 ἀνθ’
1331 1115 1384 1182 ὧν
1405 1116 1426 1193 ἡ
1449 1117 1510 1194 μὲν

362 1224 449 1287 ἐλπὶς
477 1221 565 1300 ὅμως
594 1225 721 1302 θραςεῐα
746 1224 805 1286 τοῦ
836 1223 1003 1300 μέλλοντος
1117 1223 1167 1285 καὶ
1190 1221 1219 1287 εί
1243 1242 1288 1305 τῳ
1317 1226 1409 1287 θεῶν
1442 1221 1510 1284 ἐπί-

363 1331 483 1406 φθονοι
499 1325 751 1408 ἐςτρατειίςομεν,
768 1324 986 1404 ἀποχρώντως
1002 1325 1063 1404 ἤδη
1079 1325 1323 1404 τετιμωρήμεθα.
1344 1361 1390 1372 -
1418 1323 1508 1388 Xen.

363 1427 648 1510 Anab.111,1‚42
674 1431 832 1496 ἐπίςταςθε
856 1433 916 1510 γὰρ
942 1433 980 1508 δὴ
1006 1429 1052 1496 ὅτι
1077 1429 1151 1496 οὔτε
1171 1432 1294 1509 πλῆθός
1323 1430 1410 1497 ἐςπν
1436 1429 1508 1495 οὔτ’

363 1531 450 1610 ίςχὺς
474 1532 493 1610 ἡ
513 1531 611 1615 ἐντῷ
631 1534 762 1615 πολέμῳ
781 1535 838 1598 τὰς
856 1537 943 1599 νίκας
963 1537 1108 1617 ποιοῡςα,
1128 1533 1194 1598 ἀλλ’
1214 1533 1366 1613 ὁπότεροι
1388 1533 1433 1598 ἂν
1450 1535 1508 1598 ςὺν

364 1638 429 1698 τοῖς
442 1638 602 1699 θεοῖςταίς
617 1640 733 1715 ψυχαῖς
750 1636 1013 1717 ἐρρωμενὲςτεροι
1024 1637 1111 1702 ίωςιν
1124 1636 1173 1701 ἐπὶ
1184 1638 1259 1702 τοὺς
1269 1639 1466 1716 πολεμίους.
1481 1685 1507 1699 ..

363 1737 433 1802 und
457 1738 490 1820 1,
507 1738 548 1800 21
574 1738 609 1802 ἐν
634 1740 717 1823 μὲςῳ
736 1742 798 1820 γὰρ
820 1740 880 1818 ἤδη
905 1744 999 1805 κεῖται
1021 1741 1107 1804 ταῦτ’
1124 1738 1206 1804 ἆθλα
1225 1790 1232 1803 .
1249 1789 1279 1803 ..
1300 1739 1507 1815 ἀγωνοθέται

366 1841 441 1905 δὀἱ
465 1842 532 1905 θεοί
556 1840 636 1922 εἰςιν,
661 1843 692 1905 οἳ
714 1844 770 1906 ςὺν
793 1843 871 1924 ἡμῖν,
896 1843 940 1907 ὼς
962 1845 1000 1908 τὸ
1025 1841 1118 1924 εἰκός,
1142 1843 1273 1907 ἔςονται.
1294 1879 1338 1890 -
1362 1841 1506 1923 Dionys.

365 1943 464 2007 Areh.
482 1942 540 2024 ΙΙΙ,
562 1943 603 2006 23
624 1942 716 2007 Eudo
747 1943 838 2008 καὶὸ
862 1965 895 2008 τε
920 1945 1081 2022 δαιμόνιος
1105 1946 1202 2024 χόλος
1231 1944 1290 2023 οὐχ
1314 1945 1398 2028 ἡμῖν,
1425 1944 1506 2008 ἀλλὰ

363 2047 490 2110 τούτοις
507 2045 722 2111 ἐναντιώςεται
739 2049 816 2110 κατὰ
830 2048 868 2110 τὸ
884 2046 974 2129 είκὸτ,
991 2049 1040 2111 καὶ
1056 2047 1075 2125 ἡ
1091 2047 1166 2126 παρ’
1180 2047 1364 2126 ἀνθρώπων
1380 2049 1507 2125 νὲμεςις

366 2149 399 2212 ἐς
422 2149 558 2212 τούτους
581 2148 654 2212 ἀνθ’
669 2149 759 2227 ἡμῶν
782 2151 973 2227 καταεκήψει
989 2199 996 2213 .
1013 2199 1044 2213 ..
1068 2149 1135 2214 und
1155 2149 1246 2232 XIV,
1263 2151 1292 2231 9,
1310 2151 1352 2214 16
1377 2150 1427 2215 ίτε
1448 2199 1455 2214 .
1473 2197 1504 2212 ..

365 2251 411 2315 ίτε
435 2251 684 2328 ἀκαταπλήκτως
706 2251 756 2316 ἐπ’
773 2251 898 2333 αὐτούς,
922 2253 1016 2317 θεούς
1038 2273 1072 2317 τε
1096 2252 1243 2330 ἀρωγοὺς
1266 2253 1405 2332 ἔχοντες

457 2351 626 2418 ΝαίίιτΙίοίι
651 2353 777 2418 ποαάοί
800 2353 883 2419 auch
906 2354 1033 2440 Prokop
1057 2375 1098 2419 an
1122 2355 1229 2420 vielen
1247 2355 1369 2421 Stellen
1394 2355 1504 2420 dieses

367 2455 727 2539 Fhmunterungsmotiv
750 2477 804 2540 an,
833 2458 891 2521 mit
914 2457 972 2523 der
993 2448 1174 2542 Knderung
1195 2457 1325 2541 jedoch,
1355 2458 1420 2523 dass
1450 2457 1503 2521 die

366 2558 480 2623 θὸίῐοτ
495 2559 541 2622 als
553 2557 857 2624 Sefflachtenlenker
870 2560 925 2624 fiir
940 2560 997 2623 ihn
1013 2581 1087 2624 zum
1099 2559 1317 2645 Ohn'stengott
1327 2559 1505 2645 geworden

366 2660 458 2724 sind:
487 2659 517 2724 b.
530 2661 569 2724 V.
588 2661 613 2744 1,
632 2664 682 2744 19,
703 2664 722 2724 5
747 2665 844 2728 καίτοι
867 2665 970 2728 πολλὰ
989 2663 1062 2742 ἡμῖν
1085 2665 1166 2744 πρὸς
1188 2667 1246 2742 τὴν
1270 2665 1359 2743 νίκην
1382 2661 1505 2745 ἐφόδιά

367 2765 460 2830 ἐςτιν·
482 2764 519 2828 τό
542 2783 576 2829 τε
595 2767 714 2830 δίκαιον
738 2765 806 2844 μεθ’
827 2764 867 2831 οὖ
890 2767 971 2845 πρὸς
994 2769 1070 2833 τοὺς
1096 2770 1254 2844 δυςμενεῑς
1276 2768 1394 2845 ἥκομεν
1412 2813 1501 2830 .....

366 2868 387 2947 ἥ
417 2887 451 2932 τε
478 2869 537 2947 γὰρ
567 2870 626 2932 τοῦ
658 2871 735 2934 θεοῦ
766 2871 920 2949 ξυμμαχία
948 2874 1014 2934 τοῖς
1042 2871 1082 2934 τά
1111 2871 1213 2935 δίκαια
1243 2871 1504 2949 προτεινομένοις

365 2971 585 3050 προςγίνεςθοι
607 2973 730 3051 πέφυκε
754 3021 808 3036 ...
838 2972 867 3036 b.
880 2972 918 3036 V.
934 2971 959 3056 Ι,
978 2974 1028 3055 16,
1046 2973 1065 3036 6
1089 2976 1150 3038 νῦν
1169 2974 1229 3038 οὖν
1253 2973 1336 3051 πρός
1358 2993 1393 3037 τε
1421 2973 1501 3038 Βον-

367 3075 476 3140 δίλους
503 3074 573 3152 ὑμῖν
596 3076 647 3138 καί
669 3073 782 3155 Λίβυας
806 3073 825 3138 ὁ
852 3077 993 3154 πόλεμος
1021 3076 1117 3158 ἔςται,
1146 3077 1228 3152 λέγω
1258 3077 1294 3140 δὲ
1321 3075 1425 3152 ἔγωγε
1452 3075 1502 3138 καί

365 3177 424 3242 τὸν
455 3179 532 3242 θεὸν
562 3177 662 3242 αὐτὸν
694 3179 733 3243 ὃν
763 3178 867 3244 οὐδεὶς
897 3179 1015 3244 ἀδικῶν
1043 3179 1076 3244 ἐς
1106 3179 1286 3258 ἐπικουρίαν
1314 3179 1500 3258 παρακαλεῖ

367 3279 397 3343 b.
415 3280 453 3344 V.
469 3279 510 3364 11,
532 3283 561 3363 3,
578 3281 620 3344 32
644 3285 744 3346 ταῦτα
768 3331 798 3346 ..
823 3282 1049 3360 λογιζομένους
1068 3285 1148 3362 φημὶ
1169 3285 1282 3362 χρῆναι
1311 3331 1346 3346 ..
1371 3285 1422 3348 καί
1444 3281 1500 3345 τὸν

368 3383 446 3448 θεὸν
469 3384 501 3449 ἐς
525 3386 697 3464 ξυμμαχίαν
720 3389 920 3464 παρακαλεῖν.
945 3383 974 3449 1).
988 3385 1026 3449 V.
1047 3385 1089 3468 11,
1108 3387 1136 3468 1,
1153 3387 1195 3450 21
1219 3435 1251 3450 ..
1279 3389 1340 3450 νῦν
1364 3388 1400 3450 δὲ
1421 3385 1498 3466 ίλεῲ

366 3507 402 3552 τε
419 3493 464 3570 τῷ
485 3491 549 3570 θεῷ
571 3490 684 3571 καὶτῷ
707 3491 799 3552 παντὶ
815 3493 936 3572 ςτρατῷ
961 3487 994 3554 ἐς
1016 3491 1075 3567 τὴν
1094 3491 1254 3568 ξυμβολὴν
1278 3489 1500 3566 καθιςτάμενος

367 3591 529 3669 κρατήςειν
552 3594 610 3655 τοῦ
635 3592 850 3671 στρατοπέδου
874 3595 942 3657 τῶν
964 3593 1124 3672 πολεμίων
1147 3591 1252 3657 αὐτοῖς
1275 3591 1426 3672 ἀνδράςιν
1450 3590 1498 3654 ἐλ-

369 3695 444 3758 πίδα
467 3693 574 3776 ἔχωῑ).

464 3847 482 3917 ¹)
502 3849 541 3904 lst
560 3849 605 3905 die
617 3849 696 3906 Rede
715 3849 765 3905 des
777 3850 917 3906 Antonius
935 3867 986 3906 vor
998 3851 1109 3907 Actium
1128 3851 1174 3906 bei
1188 3849 1265 3906 Cass.
1279 3849 1332 3906 Dio
1345 3849 1497 3906 besonders

368 3934 420 3990 auf
437 3933 483 3990 dio
496 3923 710 4005 Uberlogenheit
729 3935 779 3991 der
791 3937 928 4006 Rustung,
948 3953 980 3992 so
1001 3936 1039 3992 ist
1057 3935 1103 3992 die
1116 3935 1269 3992 Octaviam
1288 3935 1327 3991 im
1344 3935 1497 4006 Gagonsatz

369 4020 443 4076 ὀπτα
462 4035 533 4090 ganz
557 4020 607 4075 αιιί
624 4021 679 4076 den
698 4021 844 4077 ethischen
863 4021 1013 4093 Grundzug
1037 4021 1087 4078 der
1106 4019 1311 4092 Gerechtigkeit
1334 4019 1385 4076 der
1410 4019 1497 4076 Sacho

371 4105 520 4175 gestimmt.
533 4105 563 4174 L,
576 4105 625 4161 24:
640 4105 696 4161 ‘Ich
709 4107 791 4175 weiss,
809 4107 865 4162 dass
883 4107 929 4164 die
942 4107 1062 4163 meisten
1079 4105 1138 4162 und
1156 4105 1274 4178 χτὸβίοιι
1287 4105 1496 4177 Kriessserfolsse,

367 4189 400 4260 ja
422 4191 494 4246 aller
515 4191 724 4247 menschlichor
741 4193 999 4262 Angelegenheiten
1022 4192 1193 4262 glflcklicher
1212 4191 1344 4262 Ausssang
1367 4191 1431 4248 dem
1454 4207 1497 4262 ge·

369 4275 486 4331 rechten
504 4275 563 4331 und
582 4277 719 4332 frommen
732 4278 802 4333 Sinn
820 4277 879 4332 und
897 4278 948 4333 der
966 4281 1052 4349 μνίου
1063 4277 1315 4348 Ηιιιιάίιιαχεννοίαο
1334 4293 1371 4334 zu
1388 4276 1497 4334 danken
