3354 4930
349 376 369 438 8
712 383 849 453 Ludwig
867 383 1112 454 Rosonmcper‚

440 553 594 620 Codicum
623 555 795 619 lectionem
818 574 927 618 reram
955 575 1020 620 non
1048 575 1117 621 esse
1140 556 1371 638 Kroymannus
1398 565 1494 622 recte

350 658 512 722 intellexit
531 661 563 722 et
581 657 663 722 bene
683 659 834 742 exposuit
851 663 933 742 (pag.
945 661 986 722 66
1004 659 1051 724 ed.
1068 661 1171 742 mint:
1201 660 1324 726 «Lesen
1342 661 1410 724 wir
1431 660 1496 723 mit

351 759 409 825 der
438 759 660 824 schlechteren
684 761 961 846 Ucberlieierung,
991 763 1052 827 wie
1081 763 1190 828 bisher
1215 764 1404 848 geschehcn
1438 765 1493 842 ist,

349 865 509 949 inipso,
538 884 573 928 so
603 865 712 928 honen
740 867 814 928 wir:
844 865 921 928 und
949 864 1010 929 die
1039 866 1236 930 Vernunit
1257 869 1310 930 ist
1337 869 1376 930 in
1409 867 1493 930 ihm

350 968 427 1032 ‘das
445 968 613 1032 frithere’
633 967 709 1032 und
728 987 768 1032 so
788 971 938 1032 stammt
957 989 1029 1033 von
1048 970 1125 1032 ihm
1144 971 1246 1035 alles.
1278 971 1357 1036 Dies
1376 971 1495 1055 ergibt

350 1073 446 1136 einen
459 1072 550 1135 nicht
561 1072 678 1136 einmal
694 1072 728 1134 in
744 1071 813 1135 sich
830 1073 940 1137 lrleren
952 1071 1143 1152 Gedanken3
1160 1075 1354 1158 wenigstens
1369 1075 1494 1138 miillte

350 1195 425 1239 man
449 1175 534 1239 darm
558 1177 670 1239 weiter
692 1174 829 1239 tndem:
855 1175 898 1238 ab
923 1177 1005 1258 ipse
1029 1207 1063 1228 =
1085 1196 1148 1240 von
1171 1178 1235 1259 ihr,
1258 1177 1399 1240 nilmlicli
1428 1177 1494 1240 der

350 1279 456 1343 ratio.
484 1278 573 1342 Aber
591 1278 674 1342 auch
693 1278 753 1340 mit
771 1278 879 1342 dieser
894 1277 1093 1360 Aendemmg
1111 1285 1196 1343 wilre
1215 1281 1249 1342 in
1268 1299 1400 1344 unserm
1423 1279 1493 1342 Zu-

352 1381 583 1463 sammenhang
597 1381 704 1444 nichts
719 1400 906 1464 gewonnen.
930 1380 1026 1445 Denn
1047 1382 1138 1446 nicht
1161 1382 1221 1446 dess
1235 1403 1296 1447 von
1314 1382 1373 1447 der
1391 1384 1491 1462 ratio,

351 1485 423 1549 dem
453 1485 564 1564 λόγος,
593 1484 649 1548 das
672 1485 868 1548 Universum
899 1488 1033 1548 stamme
1057 1485 1108 1567 (cl.
1125 1485 1196 1550 Joh.
1217 1488 1244 1568 1,
1262 1487 1294 1568 i),
1324 1485 1383 1550 soll
1412 1485 1493 1549 hier

351 1587 512 1651 bewiesen
533 1588 672 1671 werden,
696 1589 836 1653 sondem
860 1588 920 1652 dall
944 1589 991 1652 sie
1015 1589 1068 1652 ein
1092 1589 1228 1653 Zweites
1251 1589 1284 1652 in
1310 1589 1386 1653 Gott
1407 1591 1489 1653 ist».

352 1689 519 1754 Hactenus
532 1711 606 1755 cum
618 1691 827 1773 Kroymanno
839 1692 1015 1772 consentio,
1028 1689 1085 1754 sed
1097 1690 1195 1754 verba
1207 1709 1289 1773 quae
1302 1694 1492 1773 sequuntur

353 1793 441 1857 nullo
469 1793 563 1857 modo
587 1793 722 1877 probare
745 1814 885 1878 possum.
921 1794 1048 1858 Profert
1075 1794 1161 1856 enim
1189 1793 1285 1858 haec:
1321 1795 1417 1858 «cett
1441 1797 1490 1857 ist

352 1896 472 1959 sowohl
499 1895 555 1961 das
571 1897 705 1980 Subjelrt
728 1899 773 1962 als
793 1898 876 1962 auch
896 1899 952 1961 das
976 1895 1092 1978 Objekt
1110 1897 1217 1960 seinee
1232 1896 1489 1962 Selbstbewusst-

352 2002 440 2064 seins
458 2001 537 2066 oder
555 2005 660 2067 seinos
677 2001 1049 2078 Sichselbsterlrennens3
1075 1999 1127 2062 die
1146 2001 1243 2063 ratio
1267 2001 1310 2063 ist
1328 2000 1385 2064 des
1401 2002 1488 2066 Sub-

351 2103 426 2186 jekt,
451 2104 527 2169 coit
556 2105 655 2169 selbst
677 2104 733 2168 das
758 2104 881 2186 Objelrt
914 2102 1061 2166 Insolem
1091 2103 1168 2167 aber
1193 2101 1249 2166 das
1273 2103 1409 2185 Snbjekt
1435 2105 1486 2168 als

352 2207 583 2273 Erkennendes
600 2208 771 2292 despuas,
796 2207 851 2271 das
870 2207 1033 2271 llrlmnnte
1052 2207 1098 2270 als
1115 2205 1230 2288 ObJ‘elrt
1247 2205 1304 2270 das
1323 2208 1486 2290 posterius

352 2311 402 2392 ist,
426 2310 468 2374 ist
490 2331 553 2374 von
570 2311 701 2392 Aniang
719 2331 761 2374 an
784 2312 818 2374 in
835 2311 910 2374 Gott
928 2311 1001 2376 eine
1018 2310 1201 2374 Zweiheit».
1233 2310 1345 2372 Priora
1367 2329 1485 2392 agnos-

355 2431 428 2476 cere
459 2433 599 2496 possum.
635 2412 783 2477 Dubitari
813 2433 878 2476 non
908 2415 1024 2496 potest,
1056 2415 1135 2495 quin
1163 2413 1252 2495 ratio,
1284 2431 1367 2494 quae
1396 2413 1485 2494 cogi-

353 2519 406 2596 tat
430 2515 611 2580 subiectum
636 2519 685 2600 sit
710 2538 784 2582 cum
808 2517 850 2599 id,
879 2518 919 2581 de
943 2537 1007 2599 quo
1031 2518 1111 2580 ratio
1136 2517 1262 2599 cogitet
1286 2516 1316 2578 h.
1334 2534 1359 2579 e.
1384 2514 1479 2579 deum

357 2619 449 2701 quasi
473 2619 635 2685 obiectum
658 2622 823 2685 nominare
847 2621 1013 2704 possimus.
1048 2619 1213 2696 Quomodo
1241 2622 1348 2683 autem
1374 2618 1481 2684 dicere

355 2723 459 2804 potuit
481 2722 662 2788 subiectum
685 2727 722 2786 ut
746 2743 943 2806 cognoscens
968 2724 1056 2807 pn'ue
1080 2741 1159 2802 esse,
1183 2721 1344 2786 obiectum
1371 2727 1407 2784 ut
1430 2741 1481 2786 co·

355 2827 480 2910 gnitum
504 2827 727 2910 poscemusm).
759 2827 856 2891 Haud
874 2832 963 2891 recta
980 2831 1030 2890 est
1049 2826 1212 2890 conclusio
1236 2825 1304 2888 illa:
1330 2825 1378 2889 ‘et
1401 2824 1481 2889 ratio

354 2929 387 2992 iu
412 2929 516 3012 ipsum
536 2931 607 3013 ipso
630 2933 720 3014 prius
749 2933 847 2995 etita
870 2929 909 2994 ab
938 2930 1007 3013 ipso
1032 2928 1117 2992 alia’.
1153 2927 1249 2992 Nullo
1278 2928 1372 2991 modo
1400 2927 1480 2990 ratio

354 3032 413 3098 deo
427 3039 475 3096 est
489 3035 606 3117 prior,
624 3073 667 3082 —
686 3035 771 3117 quod
789 3034 918 3117 quidem
938 3031 1080 3096 scribere
1097 3031 1223 3096 mallem
1241 3052 1335 3114 quam
1353 3031 1481 3115 ‘prius',

355 3138 383 3201 si
399 3136 643 3219 Kroymannum
663 3139 756 3220 sequi
774 3156 903 3222 possem
920 3173 962 3182 -
983 3139 1014 3199 et
1035 3136 1197 3200 obstarent
1212 3137 1319 3200 omnia
1336 3155 1381 3218 ea,
1401 3153 1483 3218 quae

356 3261 455 3325 supra
478 3241 569 3324 quesi
596 3260 656 3325 per
682 3241 883 3325 prooemium
910 3238 1046 3322 praefati
1074 3259 1194 3304 sumus.
1231 3239 1323 3305 Certe
1352 3240 1484 3321 antiqua

355 3340 614 3424 interpunctione
630 3342 777 3405 restituta
793 3341 838 3403 ita
859 3337 1065 3402 scribendum
1089 3345 1152 3404 est:
1182 3340 1225 3403 ‘et
1248 3340 1329 3402 ratio
1345 3340 1482 3416 in<tra>

356 3444 462 3526 ipsum
486 3445 576 3525 prius
601 3446 633 3507 et
655 3443 700 3506 ita
722 3443 757 3506 in
780 3445 850 3527 ipso
874 3445 993 3525 omnia,
1026 3443 1116 3525 quia
1142 3443 1223 3506 ratio
1247 3459 1362 3506 sensus
1380 3441 1483 3524 ipsius

356 3545 427 3609 eet'.
462 3544 586 3608 ‘Prius'
613 3545 694 3610 illud
718 3546 879 3610 adiectum
902 3547 958 3628 est
985 3546 1061 3628 quic
1084 3543 1291 3609 subauditur:
1316 3545 1485 3628 postcunt

356 3667 461 3714 sermo
485 3650 577 3712 extra
599 3649 713 3731 ipsum.
750 3649 912 3714 Firmatur
935 3651 996 3714 hoc
1019 3649 1232 3733 sequentibus
1255 3647 1378 3712 verbis:
1408 3646 1484 3711 'ser-

358 3771 487 3816 monem
512 3751 619 3817 dicere
642 3755 676 3816 in
700 3753 875 3838 primordio
903 3753 988 3838 apud
1017 3753 1114 3818 deum
1139 3752 1252 3831 fuisse,
1281 3771 1356 3816 cum
1385 3750 1485 3832 magis

356 3855 514 3920 rationem
544 3857 702 3939 competat
730 3857 945 3939 antiquiorem
973 3855 1083 3920 haberi
1202 3854 1278 3936 quia
1308 3854 1378 3938 ipse
1407 3872 1485 3935 quo

361 3977 425 4041 que
448 3977 553 4023 sermo
581 3959 705 4022 ratione
734 3961 913 4023 consistens
942 3959 1083 4042 priorem
1112 3977 1182 4022 eam
1210 3963 1247 4020 ut
1274 3956 1486 4021 substantiam

358 4077 450 4124 suam
474 4060 643 4126 ostendat'.
675 4061 831 4127 Concludi
858 4082 923 4126 non
949 4081 1043 4146 posse
1071 4061 1118 4125 ‘et
1142 4062 1187 4124 ita
1217 4059 1255 4124 ab
1275 4061 1345 4144 ipso
1364 4061 1485 4125 omnia’

450 4208 468 4276 ¹)
486 4207 563 4262 ldem
582 4208 762 4278 liroymanno
786 4209 871 4264 obicit
890 4209 1026 4276 llllicher,
1053 4208 1101 4278 qui
1119 4208 1214 4263 Theoi.
1233 4207 1487 4277 Literaturzeitung

358 4291 436 4359 1908,
457 4293 502 4347 Nr.
518 4293 553 4347 14
570 4292 677 4348 iudicat
696 4293 730 4349 de
750 4293 923 4364 Kroymanni
943 4293 1064 4348 editione
1084 4294 1201 4349 minore.
