3096 4924
252 421 457 491 Quaestionss
478 420 590 476 criticae
608 419 638 474 in
657 421 852 492 Aristophanis
872 423 991 479 tabulas.
1152 421 1193 484 97

71 604 109 661 est
126 603 232 662 noster
256 617 298 676 v.‚
320 595 522 678 partictdam
545 595 622 658 ἀλλὰ
646 614 739 676 quam
764 595 824 660 οὖν
848 614 975 678 ponere.
1004 596 1051 661 uf.
1070 603 1197 681 praeter

72 701 153 764 mults
174 700 239 764 alia
257 698 415 781 exempla
435 701 498 762 Ar.
516 699 579 761 352
604 699 685 762 ἀλλὰ
709 700 749 776 μὴ
769 701 931 778 μέλλωμεν
949 700 1010 779 ἢδη
1034 703 1068 765 et
1085 707 1195 768 nostro

73 805 127 868 loeo
141 803 277 868 similem
295 802 356 886 Vp.
370 803 442 866 453
460 802 539 865 ἀλλὰ
553 801 676 865 τούτων
693 804 748 879 μὲν
763 801 832 880 τάχ’
848 801 922 880 ἡμῖν
939 804 1078 868 δώςετον
1094 808 1196 883 καλήν

74 913 153 986 δίκην.
174 907 302 985 Quibus
319 908 431 971 causis
449 924 661 986 commoveor,
680 910 717 968 ut
731 911 833 969 totum
849 925 877 968 ν.
895 907 961 970 336
980 908 1012 970 iu
1030 907 1195 972 codicibus

73 1012 238 1075 toedissime
257 1009 494 1093 interpolatum
519 1027 588 1072 esse
607 1027 763 1072 censeam.
791 1007 905 1091 Neque
924 1009 1035 1074 dubito
1059 1011 1099 1074 ad
1118 1011 1196 1076 Por·

74 1135 174 1178 sonum
192 1134 243 1178 me
262 1113 439 1197 applicare,
465 1131 540 1174 curn
559 1129 623 1174 non
642 1111 784 1192 habeam,
809 1131 868 1176 cur
889 1113 924 1174 in
944 1113 1015 1177 eius
1038 1116 1196 1197 scriptura

75 1219 229 1282 utiendum.

152 1323 188 1384 V.
209 1324 274 1385 740
302 1321 336 1383 in
361 1319 423 1384 RV
445 1320 496 1382 sie
516 1318 649 1402 legitur:
679 1318 801 1383 νάπαιςι
829 1323 996 1400 κορυφαῖςῖ
1014 1322 1041 1386 τ’
1064 1322 1106 1404 (V
1130 1341 1193 1388 sec

77 1426 177 1507 Ηοτν,
188 1445 251 1488 nou
268 1426 391 1503 -φαῖςῖν
408 1422 446 1504 τ’,
463 1427 501 1486 ut
516 1421 707 1502 Blaydesius
723 1421 897 1504 adnotavit)
915 1423 950 1487 tv
967 1423 1090 1502 ὀρείαις.
1102 1426 1194 1492 Idem

77 1528 178 1592 Suidss
199 1547 222 1592 s
237 1549 266 1591 τ.
291 1530 416 1606 ςτροφή
433 1524 575 1608 protulit,
594 1525 657 1588 uisi
677 1525 761 1606 quod
781 1531 935 1607 κορυφαῖς
953 1547 1010 1610 ρτο
1030 1532 1194 1609 κορυφαῖςῖ

76 1631 204 1695 traditur.
227 1631 274 1694 Ad
292 1631 380 1695 hunc
395 1629 507 1693 locum
527 1628 705 1692 meandum
725 1648 805 1712 opus
821 1633 871 1694 est
889 1649 1016 1694 versum
1035 1633 1098 1696 772
1119 1653 1195 1697 cou-

76 1735 209 1815 siderare,
232 1736 284 1799 cui
304 1753 334 1798 ν.
354 1735 471 1797 noster
491 1731 672 1815 respondet.
696 1731 735 1794 V.
753 1733 816 1796 772
841 1733 889 1798 sic
913 1733 1099 1798 exhibetur:
1124 1757 1195 1800 πτε-

78 1842 137 1913 ροῖς
153 1839 309 1915 κρέκοντες
325 1837 420 1914 ἴαχον
437 1834 479 1916 (R
493 1834 556 1916 atii,
574 1835 685 1913 ἴακχον
702 1833 807 1917 VMA)
822 1835 968 1900 Ἀπόλλω.
993 1835 1194 1920 Quamquam

78 1937 192 2002 Ellendt
208 1941 240 2002 in
257 1939 367 2003 lexico
383 1937 563 2021 Sophocleo
587 1956 611 2000 s.
627 1956 655 2000 v.
674 1937 755 2016 ἴαχω
774 1937 911 2002 formam
929 1939 1021 2017 ἴᾰχον
1041 1940 1193 2024 defendit,

78 2051 171 2106 nmen
189 2043 323 2106 editores
341 2043 414 2104 iure
438 2041 550 2119 ἴακχον
573 2040 607 2101 in
631 2045 755 2104 textum
774 2048 973 2124 receperunt
1001 2042 1082 2106 Nam
1101 2044 1193 2123 ἴαχον

82 2164 137 2206 rex
151 2151 193 2209 est
206 2146 294 2229 epioe
305 2145 358 2226 (cf.
372 2143 409 2206 G.
423 2142 610 2208 Schulzium
625 2142 659 2205 in
672 2142 735 2207 KZ.
749 2142 875 2224 XXIX,
889 2147 984 2226 1888,
997 2166 1025 2229 p.
1037 2147 1191 2212 280-49

81 2247 271 2330 eiusdemque
295 2247 510 2324 Quaestiones
533 2245 648 2329 Epioas
671 2266 700 2329 p.
717 2248 809 2329 490),
835 2265 900 2330 qua
925 2250 1023 2312 Attici
1049 2250 1100 2312 usi
1128 2270 1192 2314 uon

81 2357 148 2412 utut
165 2352 221 2414 nisi
248 2351 288 2415 iis
315 2350 409 2432 losio,
436 2349 491 2412 ubi
516 2349 687 2413 dictionem
716 2349 839 2432 epicam
866 2351 984 2414 imitari
1011 2351 1193 2436 voluerunt,

81 2451 157 2516 reiut
170 2455 395 2537 Aristophanes
412 2455 447 2516 in
468 2451 525 2534 Eq.
541 2473 570 2515 ν.
591 2451 776 2516 hexametro
795 2454 881 2516 1016
900 2454 991 2532 ἴαχεν
1012 2455 1044 2522 ἐξ
1061 2455 1192 2520 ἀδύτοιο

79 2554 265 2636 κτ1Ἰακχον
284 2562 398 2620 contra
416 2556 522 2619 forma
544 2559 593 2618 est
611 2575 628 2618 e
649 2553 738 2618 cultu
761 2555 870 2620 Iacchi
893 2559 968 2620 nate
990 2559 1041 2639 (ct.
1061 2557 1191 2622 Suidam

72 2657 181 2735 Ἴακχος
202 2661 260 2724 οὖν
284 2662 372 2736 παρὰ
388 2663 426 2723 τὸ
453 2659 550 2737 ἴάκχω
574 2677 599 2720 e.
620 2678 648 2720 ν.
672 2658 791 2737 Ἴακχος
814 2657 854 2741 gl.
878 2659 926 2739 2.).
952 2659 1059 2725 Verbo
1082 2661 1193 2740 ἴακχον

76 2761 163 2843 igitur
172 2765 294 2826 serrato
306 2782 336 2825 ν.
350 2765 368 2824 7
374 2763 416 2825 72
433 2765 559 2839 πτεροῖς
571 2761 735 2840 κρέκοντες
752 2762 861 2841 ἴακχον
875 2763 1016 2828 Ἀπόλλω
1028 2764 1193 2829 trimetrus

74 2862 264 2945 logaoedicus
280 2869 336 2928 est
360 2863 488 2928 lamed
507 2883 536 2926 ν.
554 2865 618 2928 740
635 2865 866 2947 aggrediamur.
891 2865 994 2942 Quem
1010 2867 1192 2932 Meinehius

73 2965 105 3027 G.
123 2967 304 3032 Hermanno
333 2970 465 3031 auctore
494 2968 648 3050 particula
675 2987 708 3031 τε
731 2975 803 3050 post
826 2969 946 3034 νάπαιςι
970 2971 1091 3034 inserte
1120 2977 1151 3034 et
1174 2993 1192 3034 ν

73 3070 276 3153 ephelcystico
296 3072 369 3135 voci
388 3071 553 3148 κορυφαῖςῖ
576 3069 684 3132 addito
707 3071 755 3134 sio
778 3071 921 3154 scripsit:
943 3072 1065 3138 νάπαιςί
1087 3095 1121 3136 τε
1140 3095 1192 3137 κο-

74 3178 206 3252 ρυφαῑςίν
220 3175 248 3238 τ’
268 3177 304 3238 ἐν
329 3175 457 3254 ὀρείαις,
478 3176 513 3236 ut
530 3172 690 3237 tribracho
705 3175 739 3236 in
756 3173 888 3255 syllabis
907 3176 933 3239 τί
951 3196 984 3239 τε
1000 3197 1038 3239 κο
1054 3175 1192 3240 admisso

73 3281 201 3342 numeris
218 3299 247 3341 ν.
261 3279 327 3341 772
347 3276 618 3341 accomodaretur.
641 3277 754 3359 Itaque
774 3297 848 3340 cum
864 3285 1002 3342 metrum
1021 3280 1191 3362 utriusque

74 3397 172 3444 tersus
188 3382 268 3446 bene
288 3400 325 3444 se
341 3379 467 3460 babeat,
486 3380 645 3443 neminem
665 3379 727 3443 iam
745 3399 852 3462 neque
864 3380 1002 3464 Berghio
1019 3383 1141 3446 νάπαιςί
1158 3403 1192 3450 τε

73 3485 114 3545 καὶ
131 3490 279 3564 κορυφαῖς
303 3485 338 3548 ἐν
359 3483 476 3562 ὀρείαις
498 3501 603 3564 neque
621 3481 804 3564 Fritzschio‚
824 3483 1000 3566 Dindortio,
1021 3485 1191 3566 Blaydesio

73 3589 178 3653 vdrcrcr
190 3592 238 3652 καὶ
251 3593 413 3667 κορυφαῖς
423 3589 459 3651 ἐν
470 3587 584 3664 ὀρείαις
596 3587 812 3651 scribentibus
823 3588 1011 3670 plausurum
1024 3608 1094 3653 esse
1104 3594 1190 3672 puto.

147 3692 254 3757 [ectio
267 3693 329 3757 RV
345 3692 386 3756 ἂν
403 3691 553 3756 καθέζετο
570 3691 603 3754 in
620 3711 648 3754 ν.
662 3691 727 3754 796
744 3686 807 3754 εἶτα
827 3695 951 3769 βινήςας
967 3693 1086 3758 ἐκεῖθεν
1102 3694 1192 3758 αὖθις

72 3793 104 3856 ἂν
123 3799 264 3862 καθέζετο
290 3795 450 3860 adverbio
470 3795 586 3858 ἐκεῖθεν
605 3793 815 3858 antecedente
838 3793 916 3858 ferri
941 3795 1062 3877 nequit.
1092 3795 1191 3863 Recte

72 3896 241 3981 Bhydesius
265 3903 398 3963 monet:
425 3895 536 3959 “Dura
558 3896 641 3961 foret
662 3897 782 3962 locutio
806 3899 954 3964 καθέζετο
975 3899 1102 3982 ἐκεῖθεν,
1126 3921 1191 3964 uon

69 4001 162 4086 addito,
185 4003 365 4089 participio
391 3999 489 4081 quale
511 4005 560 4063 est
577 4000 730 4064 ἀνελθών.
753 3999 867 4064 Facilis
893 4001 972 4066 haee
996 4005 1190 4087 corruptio''.

67 4105 253 4173 desideratur
272 4109 367 4170 certe
388 4101 524 4165 verbum
545 4101 584 4166 ad
603 4104 761 4168 sotionem
780 4103 919 4168 abeundi
939 4107 1189 4188 exprimendam.

64 4214 188 4295 Accedit,
234 4207 330 4294 quod
369 4204 485 4269 eadem
519 4205 588 4269 fere
622 4208 847 4270 coniunctione
886 4210 918 4270 et
952 4209 1191 4275 constructione

61 4319 205 4384 verborum
236 4335 308 4400 qua
342 4313 380 4374 in
408 4325 474 4372 uss.
494 4311 669 4374 795-796
699 4312 857 4392 ἀνέπτετο,
884 4307 947 4376 εἶτα
968 4349 1010 4359 -
1032 4313 1122 4378 αὖθις
1149 4315 1190 4377 αὖ

94 4463 180 4517 rurr-
1048 4437 1064 4490 ⁷
