3406 4786
518 320 560 384 22
950 326 985 380 Μ.
1004 325 1227 394 Heinemann,

520 500 666 566 buceluc'.
692 499 848 565 Rhetores
872 498 978 582 quinti
1001 501 1034 562 et
1056 499 1163 582 quarti
1191 499 1317 564 saeculi
1345 520 1373 563 a
1391 498 1463 563 Chr.
1481 521 1510 563 n.
1527 501 1555 563 in
1572 500 1616 564 lm·

520 601 645 683 dibus¹)
673 600 903 685 componendis
930 606 1073 665 versatos
1103 619 1174 665 esse
1202 604 1338 667 constat
1381 602 1430 666 De
1454 603 1560 685 quibus
1579 623 1618 667 nos

522 705 676 771 certiores
703 704 781 770 iacit
808 704 996 770 Athenaeus
1024 703 1108 768 XIII
1129 705 1193 768 592
1211 704 1241 768 b.
1258 725 1294 770 e:
1319 705 1407 770 ἀλλὰ
1430 709 1491 785 μην
1512 710 1555 771 ια’
1572 709 1620 771 luo

522 809 636 888 κράτης
660 807 680 872 ὁ
698 812 765 872 τῶν
785 806 933 887 ῥητόρων
956 806 1222 886 αἰδημονέςτατος
1244 809 1448 886 Μετάνειραν
1471 805 1548 888 εἶχεν
1568 812 1621 888 bu
1675 804 1676 809 ’

522 913 619 991 μένην
643 913 693 975 καὶ
715 913 823 992 καλήν,
849 910 894 976 ιίις
918 909 1029 976 Λυςίαε
1053 911 1165 989 ἱςτορεῖ
1187 912 1224 975 ἐν
1246 915 1316 976 ruit
1339 912 1550 978 ἐπιςτολαῖς
1676 908 1677 912 ’

521 1014 636 1092 ἥττητο
660 1015 696 1077 δὲ
715 1015 764 1076 καὶ
788 1012 807 1076 ὁ
826 1012 941 1079 Λυςίαε
959 1013 1095 1090 Λαγίδος
1117 1014 1179 1097 (sie
1197 1013 1299 1097 codd,
1316 1014 1514 1079 coniecerim
1530 1015 1624 1088 Λαδιιλ

522 1119 579 1193 τῆς
596 1115 731 1198 ἑταίρας,
748 1115 785 1194 ἧς
802 1115 944 1196 ἔγραψεν
962 1117 1150 1195 ἐγκώμιον
1168 1118 1319 1198 Κέφαλος
1338 1117 1358 1181 ὁ
1377 1117 1500 1197 ῥήτωρ·
1515 1120 1625 1196 καθάπερ

524 1220 573 1297 καὶ
588 1217 768 1297 Ἀλκιδάμας
790 1219 966 1299 δἘλαῖιηε
985 1221 1004 1284 ὁ
1022 1221 1153 1299 Γοργίου
1170 1223 1311 1299 μαθητὴς
1329 1222 1476 1300 ἔγραψεν
1495 1222 1542 1284 καὶ
1558 1222 1627 1285 adro(

524 1322 711 1401 ἐγκώμιον
729 1323 869 1389 Ναῖδος
886 1327 942 1403 τῆς
962 1325 1130 1405 έπαίρυςῖλ.
1160 1324 1276 1405 Itaque
1294 1329 1331 1386 ut
1347 1322 1510 1407 Cephalus
1525 1331 1554 1388 et
1568 1323 1630 1387 Alci·
1690 1312 1691 1364 f

525 1423 635 1489 damas
653 1426 852 1491 orationibus
869 1427 1054 1492 meretrices
1072 1427 1144 1490 illas
1160 1425 1344 1507 laudabant,
1361 1428 1409 1491 ita
1424 1426 1545 1509 Lysias,
1559 1445 1631 1510 quen

526 1530 559 1592 et
576 1528 683 1612 ipsum
702 1530 841 1608 ἐγκώμια
864 1530 1032 1614 scripsisse
1056 1536 1182 1594 veteres
1200 1529 1340 1610 tradunt,
1365 1530 1403 1593 iu
1422 1529 1565 1614 epistuIIs
1584 1535 1633 1592 sne

525 1651 605 1696 usus
632 1632 795 1697 rhetorica
822 1639 878 1696 aut
904 1632 1055 1697 laudabat
1080 1652 1197 1717 pueros
1225 1635 1348 1697 amatos
1377 1640 1436 1698 aut
1463 1631 1636 1718 vituperabat

525 1735 720 1800 meretrices.
770 1743 778 1758 '

633 1837 750 1903 Ilorma
765 1843 797 1903 et
814 1845 1002 1923 argumento
1018 1838 1092 1904 libri
1108 1840 1228 1922 arctici,
1245 1840 1302 1922 qui
1319 1839 1484 1923 dicuntur,
1500 1840 1638 1904 rhetorum

527 1941 674 2026 epistulis
693 1942 854 2006 amatoriiS
873 1943 1029 2007 simillimi
1046 1949 1130 2007 sunt.
1153 1942 1219 2006 lam
1238 1961 1280 2008 ex
1299 1944 1437 2024 ratione,
1456 1964 1520 2026 qua
1538 1946 1638 2007 velares

527 2044 585 2108 has
609 2050 641 2109 et
659 2044 730 2109 illas
748 2043 888 2126 laudant,
908 2045 1057 2110 concludi
1077 2048 1181 2129 potest
1199 2045 1280 2110 haec
1299 2044 1365 2110 duo
1385 2065 1509 2130 genera
1526 2048 1600 2110 inter
1614 2063 1640 2108 sc

529 2153 665 2231 cognata
689 2148 831 2213 discerni
855 2150 912 2212 vix
931 2168 1034 2232 posse.
1065 2147 1222 2213 Nonnulli
1242 2150 1419 2233 scriptores
1439 2151 1527 2214 enirn
1545 2149 1641 2230 Lysiae

527 2250 707 2335 fragmenta
737 2251 964 2317 amatoriarum
992 2251 1201 2335 epistularum
1231 2252 1322 2334 quasi
1358 2272 1377 2316 e
1408 2252 1500 2316 libris
1534 2251 1642 2316 eroticis

528 2354 628 2438 petita
644 2354 793 2420 afferunt.
814 2353 861 2419 Of.
876 2354 1045 2438 fragment.
1062 2355 1125 2418 261
1142 2354 1232 2418 Tun:
1253 2356 1344 2438 ᾤμην
1361 2358 1399 2419 δέ
1415 2355 1517 2431 ἔγωγε
1534 2355 1642 2431 τοιαύτη

529 2459 618 2540 φιλίᾳ
637 2459 847 2537 ςυνηρμόςθαι
867 2478 921 2535 ςοι,
941 2458 1020 2523 dicre
1039 2457 1111 2536 μηδ’
1131 2457 1171 2522 ἂν
1190 2459 1249 2535 τὴν
1265 2458 1522 2537 Ἐμπεδοκλέους
1544 2457 1643 2534 ἔχθραν

530 2559 648 2639 ίςχῦςαι
665 2565 829 2642 διαςτῆςαι,
855 2560 942 2644 quod
958 2564 1071 2625 erector
1088 2560 1163 2624 libri
1181 2560 1289 2626 ’λέξεις
1306 2560 1375 2640 μεθ’
1395 2560 1580 2638 ίςτοριώνἿ)
1596 2554 1643 2619 sub

531 2662 628 2729 verbo
647 2666 899 2744 Ἐμπεδοκλέους
919 2665 1019 2745 ἔχθρα
1042 2684 1084 2730 ex
1103 2666 1223 2731 erotico
1242 2663 1355 2747 quinto
1375 2662 1495 2745 Lysiae
1516 2663 1644 2726 haustum

626 2845 643 2912 ¹)
661 2844 701 2899 De
727 2844 825 2915 primis
851 2845 982 2900 laudibus
1007 2850 1140 2901 accurate
1162 2844 1276 2898 disserit
1301 2843 1334 2897 x.
1352 2842 1452 2910 Hilrth,
1477 2842 1517 2896 De
1539 2835 1644 2908 Gregorii

530 2933 704 2989 Nazianzeni
723 2935 899 2990 orationibus
918 2935 1091 3003 funebribus,
1110 2933 1256 3004 Argentor.
1275 2933 1354 3002 1906,
1374 2949 1401 3002 p.
1415 2933 1504 3002 6sqq.

622 3023 645 3093 ί)
664 3024 806 3079 Laudibus
830 3025 963 3092 Helenae,
992 3040 1063 3094 quas
1086 3024 1204 3094 Gorgias
1229 3028 1258 3078 et
1281 3024 1423 3078 Isocrates
1448 3019 1644 3091 componebant,

532 3109 711 3165 meretrIeum
731 3109 838 3165 similes
857 3110 946 3165 fuisse
958 3110 1105 3177 videntum
1125 3126 1192 3164 narn
1211 3109 1241 3163 in
1254 3108 1311 3163 illis
1331 3122 1445 3177 qnoque
1465 3107 1570 3171 mulier,
1587 3115 1644 3172 quac

532 3195 637 3249 amoris
656 3195 839 3265 complurium
852 3195 978 3250 virorum
996 3211 1086 3251 cansa
1098 3193 1317 3264 reprehensione
1336 3191 1424 3262 digna
1443 3196 1513 3259 erat,
1527 3189 1645 3245 laudatur.

531 3281 670 3335 Isocrates
689 3296 729 3334 or.
746 3280 771 3333 X
789 3281 815 3349 7,
829 3280 864 3335 14
887 3280 1006 3351 GorgIae
1025 3281 1167 3344 έγκὼμιον
1185 3282 1336 3348 propterea
1354 3277 1508 3346 vituperat,
1529 3272 1597 3344 qnod
1610 3285 1645 3324 so

532 3370 627 3440 phiala
639 3386 727 3440 genus
738 3370 916 3426 laudativum
935 3387 952 3426 a
965 3370 1125 3425 defensorio
1145 3367 1288 3423 nonsatis
1305 3370 1436 3436 separet:
1456 3364 1528 3432 φηςῖ
1547 3365 1592 3430 μὲν
1603 3362 1646 3424 γάρ

533 3455 706 3520 ἐγκώμιον
724 3456 901 3521 γεγραφέναι
919 3454 985 3522 περί
1008 3455 1104 3522 αὺτῆε,
1121 3453 1255 3520 τυγχάνει
1278 3453 1303 3505 δ’
1323 3450 1523 3514 ἀπολογίαν
1545 3446 1647 3515 είρηιιιίι

533 3542 606 3607 ὑπὲρ
619 3546 680 3594 τῶν
698 3540 788 3610 ἐκείνη
807 3541 1026 3607 πεπραγμένων.
1051 3541 1106 3594 trra
1124 3540 1149 3593 δ’
1168 3538 1221 3592 οὐκ
1239 3537 1350 3591 ἐκτῶν
1369 3536 1468 3590 αὐτῶν
1488 3535 1570 3589 ίδευῖν
1593 3529 1649 3584 οὐδὲ

534 3625 599 3693 περί
616 3631 678 3680 τῶν
700 3627 800 3679 αὐτῶν·
820 3626 836 3679 ὁ
856 3626 949 3692 λόγος,
969 3626 1039 3679 ἀλλὰ
1062 3628 1119 3677 πᾶν
1136 3620 1324 3677 τούναντίον·
1349 3621 1593 3684 ἀπολογεῖςθαι
1610 3615 1649 3680 μέν

533 3712 588 3777 γάρ
608 3711 743 3776 προςήκει
761 3709 826 3776 περί
844 3714 906 3763 τῶν
922 3712 1027 3764 ἀδικεῖν
1046 3708 1137 3763 αἰτίαν
1155 3708 1291 3774 ἑχόντων,
1311 3706 1471 3760 ἐπαινεῖν
1490 3707 1523 3760 δὲ
1540 3705 1602 3758 τούκ
1614 3696 1648 3753 ἐπ’

535 3797 634 3865 ἀγαθῷ
653 3813 708 3850 τινι
727 3797 926 3862 διαφέρονταε
953 3796 1024 3850 Puto
1041 3795 1126 3864 igitur
1142 3794 1295 3848 Isocratem
1317 3791 1441 3860 primum
1462 3789 1561 3845 laudes
1582 3785 1651 3842 ade·

534 3881 710 3936 tensionibus
722 3897 894 3951 segregasse.
913 3881 1002 3949 Quem
1014 3879 1141 3949 sequitur
1152 3878 1228 3932 Theo
1240 3877 1271 3931 in
1284 3875 1379 3945 capite
1393 3875 1449 3943 vll,
1469 3891 1525 3945 quo
1539 3875 1571 3930 de
1583 3868 1651 3927 laude

534 3976 563 4025 et
581 3971 788 4041 vituperatione
805 3971 862 4041 agit
878 3971 965 4040 (Walz
978 3971 995 4024 l.
1006 3971 1024 4024 l.
1042 3971 1053 4024 I
1072 3986 1099 4038 p.
1110 3968 1171 4032 231,
1191 3966 1312 4036 Spengel
1329 3965 1347 4020 l.
1360 3965 1379 4019 l.
1397 3966 1422 4021 ll
1434 3983 1460 4035 p.
1473 3966 1546 4031 112):
1565 3964 1651 4018 daolo-

534 4059 640 4120 γεῑςθαι
664 4057 787 4122 μὲνγὰρ
807 4058 943 4123 προςήκει
967 4056 1031 4123 περί
1054 4060 1114 4108 τιῖιν
1138 4055 1242 4108 ἀδικεῖν
1266 4051 1359 4106 αἰτίαν
1382 4053 1523 4118 ἐχόντων,
1546 4047 1651 4105 ἐπαινεῖν

535 4141 567 4193 δέ
584 4142 653 4194 τοὺς
673 4140 717 4194 ἐπὶ
737 4143 835 4210 ἀγαθῷ
855 4159 910 4195 τινι
929 4142 1130 4208 διαφέροντας.

626 4231 648 4300 ⁸)
668 4231 789 4286 Bulletin
808 4231 843 4286 de
862 4230 1113 4301 Correspondance
1133 4227 1298 4296 Helleniquc
1318 4227 1330 4280 l
1348 4227 1444 4297 (1877)
1463 4226 1561 4298 p.153.
