3248 4910
378 365 420 429 36
802 372 838 426 M.
857 371 1080 440 heinemanm

375 545 575 610 narrationes
584 543 717 610 irridere
730 544 807 628 scio,
818 543 1093 628 Theophylactum
1106 563 1146 608 ex
1159 542 1264 606 multo
1279 542 1528 608 vetustioribus

376 646 616 732 exemplaribus
628 647 771 731 pendere
782 647 877 712 facile
888 665 1020 731 possum
1035 645 1265 712 demonstrare.
1278 645 1424 710 Latinos
1436 649 1527 710 certe

375 755 490 815 neuter
512 749 592 814 adiit
613 751 728 816 fontes.

465 853 528 920 Sed
543 853 680 920 alterum
695 855 865 938 hucusque
878 854 1045 918 omisimus
1056 853 1267 938 epistularum
1282 853 1524 917 amatoriamm

374 976 486 1042 genus,
510 977 574 1042 quo
594 958 852 1023 narratiunculas
872 958 1031 1022 contineri
1053 975 1151 1040 supra
1169 954 1328 1038 diximus,
1356 975 1442 1038 quas
1464 973 1526 1039 per

374 1059 537 1124 simulatas
555 1059 678 1125 litteras
697 1066 810 1126 auctor
826 1060 934 1126 refert
969 1060 1151 1125 cohaerent
1169 1062 1278 1124 autern
1301 1061 1368 1124 hae
1387 1078 1524 1142 qnoque

374 1182 448 1228 oum
468 1163 754 1228 exercitationibus
773 1165 945 1246 rhetorum,
966 1183 1040 1230 cum
1059 1163 1155 1228 etiam
1173 1165 1314 1242 διήγηςις
1334 1164 1429 1228 inter
1446 1183 1523 1247 pro-

372 1271 594 1350 gymnasmata
609 1285 674 1330 non
685 1266 835 1332 infimum
849 1271 957 1333 teneat
971 1266 1116 1348 locum1).
1135 1265 1243 1331 Etiam
1259 1265 1346 1330 tales
1359 1265 1523 1350 epistulas

372 1371 436 1434 iam
446 1367 666 1434 Alexandrina
682 1372 784 1434 aetate
801 1368 903 1435 editas
918 1372 951 1434 et
962 1369 1106 1451 fortasse,
1117 1371 1155 1433 ut
1170 1367 1363 1450 ederentur,
1380 1371 1522 1453 scriptas

373 1491 445 1538 esse
461 1471 636 1536 ostendunt
651 1471 804 1538 ἐπιςτολαὶ
820 1474 1017 1555 δειπνητικιιί,
1035 1491 1116 1555 quae
1132 1471 1299 1554 dicuntur,
1314 1471 1521 1556 Hippolochi

373 1578 406 1640 et
423 1573 555 1658 Lyncei,
579 1574 697 1658 quibus
715 1575 750 1638 in
765 1574 840 1639 libri
863 1575 998 1638 iormam
1014 1573 1152 1640 redactis
1168 1573 1365 1640 Athenaeus
1382 1575 1520 1660 saepius

373 1679 475 1744 utitur
492 1678 551 1760 (IV
569 1679 657 1744 128ιι
669 1681 764 1762 sqq.):
795 1680 982 1758 Ἱππόλοχος
1001 1678 1020 1743 ὁ
1041 1679 1201 1743 Μακεδών
1291 1683 1361 1744 τοῖς
1382 1680 1519 1758 χρόνοις

295 1831 301 1843 ,
373 1785 430 1861 μέν
445 1781 559 1858 γέγονε
582 1783 662 1846 κατὰ
677 1781 798 1858 Λυγκέα
821 1784 870 1846 καὶ
886 1783 1011 1871 Δοῦριν
1029 1783 1104 1847 τοὺς
1122 1782 1273 1862 Σαμίους,
1298 1781 1518 1861 Θεοφράςτου

372 1887 409 1949 δέ
430 1887 489 1949 τοῦ
508 1885 648 1963 Ἐρεςίου
678 1883 827 1968 μαθητάς,
850 1885 1037 1967 ςυνῦήκαςέ)
1061 1883 1090 1949 δ’
1109 1879 1170 1962 εἶχε
1192 1885 1315 1950 ταύτας
1342 1887 1430 1962 πρὸς
1457 1886 1517 1947 τὸν

371 1987 502 2069 Λυγκέα,
526 1988 571 2052 ὡς
588 1988 623 2051 ἐκ
637 1990 704 2051 τιῖιν
720 1987 821 2051 αὐτοῦ
846 1990 955 2065 μαθεῖν
971 1986 1050 2052 ἐςτιν
1066 1987 1249 2068 ἐπιστολῶν,
1274 1987 1411 2052 πάντως
1426 1987 1515 2068 αὐτῷ

258 2163 259 2168 1
372 2093 496 2170 δηλοῦν
520 2092 549 2156 εί
568 2110 627 2154 τινι
648 2090 914 2170 ςυμπεριενεχθεῖη
937 2091 1054 2173 δείπνῳ
1077 2092 1248 2170 πολυτελεῖ,
1272 2091 1314 2153 τά
1337 2090 1437 2170 ὅμοια
1460 2089 1516 2154 κά-

372 2195 479 2258 κείνου
502 2192 787 2272 άνππροπίνοντος
810 2191 905 2274 αι’ττῷ.
938 2192 1099 2271 ἑκατέρων
1121 2189 1182 2256 οῦν
1202 2194 1362 2275 ςῲῑονται
1386 2195 1515 2270 δειπνη-

371 2297 449 2360 τικαί
464 2314 545 2360 πνες
564 2295 769 2376 ἐπιςτολαί,
788 2293 960 2370 Λυγκέως
978 2297 1036 2374 μὲν
1051 2296 1088 2358 τδ
1104 2293 1246 2372 Λαμίας
1267 2299 1335 2372 τῆς
1352 2296 1514 2372 Ἀττικῆς

371 2397 601 2477 αὐλητρίδος
626 2397 855 2475 ἐμφανίζοντος
879 2399 1009 2462 δεῖπνον
1032 2397 1170 2475 Ἀθήνηςι
1192 2397 1378 2474 γενόμενον
1401 2399 1514 2476 Δημτγ

371 2501 447 2584 τρίῳ
463 2505 509 2584 τῷ
527 2503 649 2580 βαςιλεῑ,
672 2497 798 2577 ἐπίκλην
814 2501 851 2564 δέ
864 2499 1063 2582 Πολιορκητῇ
1079 2499 1235 2580 (ἐρωμένη
1253 2498 1284 2564 δ’
1301 2500 1343 2578 ἠν
1359 2501 1378 2580 ἡ
1394 2501 1512 2578 Λάμια

370 2605 430 2666 τοῦ
446 2602 651 2683 Δημητρίου),
669 2603 729 2666 τοῦ
746 2600 775 2665 δ’
791 2601 1017 2681 Ἱππολόχου
1035 2602 1124 2666 τοῦς
1144 2597 1325 2680 Καράνου
1344 2607 1414 2668 τοῦ
1433 2604 1513 2667 Μα-

371 2704 532 2769 κεδόνος
562 2704 790 2783 ἐμφανίζοντος
812 2703 944 2781 γάμους.
983 2705 1032 2767 καὶ
1060 2701 1189 2768 ἄλλαις
1217 2705 1256 2768 δέ
1280 2707 1510 2786 περιετύχομεν

370 2809 441 2871 τοῦ
470 2806 660 2881 Λυγκέως
689 2805 924 2871 ἐπιςτολαῑς
951 2807 1034 2883 πρὸς
1060 2808 1119 2871 τόν
1146 2805 1247 2870 αὐτὸν
1276 2811 1507 2896 γεγραμμέναις
1600 2843 1601 2864 r

371 2909 605 2988 Ἱππόλοχον,
634 2909 841 2986 δηλοῦςαις
868 2908 905 2972 τό
928 2927 962 2972 τε
985 2908 1199 2984 Ἀντιγόνου
1226 2911 1298 2973 τοῦ
1324 2911 1509 2990 βαςιλέως

371 3013 526 3076 δεῖπνον
552 3010 765 3091 Ἀφροδίςια
795 3007 1019 3075 ἐπιτελοῦντος
1046 3011 1183 3090 Ἀθήνηςι
1213 3012 1264 3074 καί
1294 3014 1334 3076 τὸ
1365 3013 1507 3077 Πτολε-

371 3116 481 3190 μαίου
510 3117 579 3179 τοῦ
609 3113 799 3193 βαςιλέως.
834 3115 978 3190 δώςομεν
1001 3114 1037 3177 δέ
1061 3133 1107 3178 ςοι
1134 3113 1223 3192 ἡμεῖς
1250 3115 1302 3178 καὶ
1326 3115 1427 3180 αὐτάς
1450 3116 1508 3180 τὰς

371 3215 542 3280 ἐπιςτολάς.
582 3214 648 3280 ἐπεὶ
679 3217 715 3278 δέ
744 3214 763 3292 ἡ
792 3215 853 3279 τοῦ
881 3213 1123 3293 Ἱππολόχου
1152 3215 1292 3280 ςπανίως
1325 3215 1506 3296 εῦρίςκεται,

370 3315 602 3398 ἐπιδραμοῦμαί
625 3337 673 3382 ςοι
695 3317 734 3380 τά
757 3315 792 3381 ἐν
816 3315 894 3398 αὐτῇ
917 3317 1116 3395 γεγραμμένα
1140 3319 1302 3397 διατριβῆς
1324 3319 1421 3384 ἕνεκα
1445 3320 1506 3383 νῦν

371 3421 421 3484 καὶ
453 3422 664 3499 ψυχαγωγίας
711 3419 943 3503 cognoscimus
976 3419 1076 3502 igitur
1106 3419 1317 3486 Athenaeum
1351 3421 1507 3506 epistulas

369 3521 508 3606 Lyncei,
536 3521 654 3606 quibus
677 3523 826 3588 convivia
849 3526 1045 3604 sumptuoso,
1073 3540 1155 3604 quae
1177 3521 1326 3606 Lamia⁸)
1349 3527 1504 3590 meretrix

464 3675 483 3744 ¹)
501 3673 645 3742 Conieras,
664 3677 696 3728 ut
713 3689 804 3743 panca
823 3673 952 3742 exempla
965 3673 1124 3739 afferamus,
1143 3671 1267 3727 Theonis
1280 3689 1343 3743 cap.
1357 3673 1394 3730 IV
1412 3673 1504 3744 (libet.

370 3759 484 3831 graccil
498 3776 524 3830 p.
534 3759 585 3816 182
591 3775 651 3829 sqq.
666 3758 708 3813 ed.
719 3757 806 3825 Walz,
819 3757 842 3811 ll
855 3774 880 3827 ρ.
891 3757 927 3812 78
937 3773 996 3827 sqq.
1011 3755 1054 3812 ed.
1068 3755 1207 3826 Spengel),
1220 3757 1392 3827 Quintiliani
1405 3759 1467 3828 114,
1479 3761 1504 3814 2.

461 3845 484 3916 ²)
503 3843 587 3900 Vides
599 3845 775 3900 Athenaeum
788 3843 963 3914 prooemium
973 3841 1166 3912 epistularum,
1179 3856 1252 3911 quae
1262 3843 1294 3898 in
1302 3842 1429 3898 termam
1442 3843 1505 3898 libri

370 3931 502 3986 redactae
522 3933 596 3996 sunt,
615 3929 763 4000 respicere.
1600 3979 1601 4000 ,

460 4015 484 4085 ⁸)
502 4013 592 4070 Utitur
614 4014 663 4070 illa
682 4014 810 4084 epistula,
830 4012 896 4068 licet
913 4011 962 4066 vix
985 4011 1022 4066 ab
1041 4012 1103 4080 ipso
1121 4009 1258 4080 inspecta,
1284 4011 1457 4067 Plutarchus
1475 4013 1504 4068 in

370 4099 503 4154 Demetrii
519 4099 580 4154 vita
599 4115 660 4169 cap.
671 4099 721 4154 27:
740 4097 833 4165 Χωρίς
852 4099 885 4151 δὲ
899 4097 1014 4150 τοῦτων
1027 4097 1097 4163 αῦτη
1116 4095 1177 4150 καθ’
1191 4096 1298 4162 ἑαυτὴν
1311 4097 1330 4162 ἡ
1346 4097 1446 4162 Λάμια
1461 4103 1502 4167 τῷ

371 4185 472 4248 βαςιλεῖ
488 4184 736 4250 παροςκευάζουςα
748 4185 864 4238 δεῖπνον
880 4182 1094 4250 ηργυρολὸγηςε
1110 4181 1245 4236 πολλοὺς
1268 4181 1315 4237 καί
1330 4184 1367 4236 τό
1386 4185 1503 4238 δεῖπνον
1600 4195 1601 4258 3

371 4267 466 4321 οὕτως
479 4268 584 4334 ήνθηςε
599 4273 634 4338 τῇ
649 4269 716 4337 δόξῃ
735 4270 781 4322 διὰ
797 4268 850 4336 τὴν
868 4269 1060 4337 πολυτέλειαν,
1080 4267 1153 4322 ιῦςτε
1170 4267 1238 4322 ῦπδ
1258 4268 1424 4333 Λυγκέως
1442 4271 1502 4322 τοῦ
