3248 4910
374 325 438 390 100
802 332 838 388 ll.
857 331 1080 403 Heinemanu‚

373 502 481 568 Ovidii
498 503 631 588 elegiam
648 503 681 568 H
696 505 736 568 10
756 524 797 570 ax
813 524 879 569 uno
895 505 994 586 16616,
1014 505 1117 590 elegia
1131 505 1257 572 scilieet
1272 505 1504 578 Alexandrina

372 608 520 670 haustam
543 626 608 671 nou
632 625 711 689 esse,
735 605 791 672 sed
816 627 858 672 ex
877 607 1002 672 duabus
1025 606 1180 691 partibus,
1205 627 1288 691 quae
1313 617 1503 694 argumento

372 711 405 775 61
426 709 531 774 forma
554 709 747 793 disorepant,
771 710 988 794 compositam.
1023 709 1093 774 Iam
1112 730 1313 795 quaeramus,
1337 731 1422 776 num
1447 711 1505 774 for-

372 816 456 877 tasse
476 810 584 876 Ovidii
598 813 670 876 Am.
689 812 723 876 Π
740 814 790 894 10,
812 813 929 894 1-15,
950 814 1006 896 qui
1025 832 1138 879 versus
1160 833 1235 879 oum
1254 814 1398 898 epistula
1417 813 1451 878 II
1469 816 1503 878 11

371 915 568 980 Aristaeneti
586 914 669 980 bene
689 918 881 1000 congruunt,
905 915 945 980 ab
965 916 1067 1000 elegia
1085 917 1309 982 1166661666
1331 916 1503 1002 pendeant.
1594 971 1595 974 ,

372 1017 485 1100 Itaque
498 1016 604 1082 denuo
617 1020 839 1102 argumentum
856 1020 1027 1102 utriusque
1037 1019 1101 1085 looi
1117 1019 1261 1085 breviter
1270 1020 1504 1086 examinemus,

373 1119 518 1202 Ovidius,
547 1141 621 1186 oum
644 1121 742 1185 unius
764 1121 829 1185 iam
851 1121 977 1206 puellae
999 1142 1108 1187 amore
1136 1125 1310 1207 teneretur,
1337 1130 1451 1188 tutum
1474 1142 1505 1186 se

372 1224 412 1289 ab
436 1223 566 1289 alteriue
590 1243 697 1289 amore
720 1228 895 1308 putaverat
923 1226 1075 1309 quoniam
1098 1225 1225 1291 duobus
1247 1227 1370 1311 pariter
1394 1227 1504 1292 torreri

372 1326 540 1391 ardoribus
559 1328 698 1392 animam
716 1348 781 1392 nou
800 1346 894 1413 posse
911 1329 989 1392 satis
1009 1330 1177 1410 constaret,
1201 1329 1380 1412 improviso
1401 1329 1505 1392 tamen

372 1427 487 1493 ardore
500 1430 679 1514 corripitur,
691 1433 860 1512 torquetur
871 1449 978 1513 neque
988 1431 1058 1514 6611,
1070 1435 1175 1495 utram
1186 1430 1349 1514 praeterat
1358 1429 1503 1514 puellam.

372 1531 462 1596 Nihil
485 1531 602 1616 obstat,
631 1533 804 1615 quominus
827 1532 924 1597 huius
951 1534 1051 1617 partis
1078 1533 1202 1598 fontem
1224 1533 1429 1617 epigramma
1450 1552 1504 1616 pu·

372 1639 494 1716 tamus;
518 1635 608 1700 nulla
626 1639 714 1701 corte
732 1637 818 1701 inest
834 1637 1004 1718 sententia,
1028 1655 1110 1719 quae
1128 1656 1193 1700 non
1211 1637 1247 1700 in
1266 1637 1503 1720 epigrammatis

372 1759 392 1803 a
415 1757 466 1803 me
489 1738 593 1803 allatis
616 1739 808 1804 inveniatur.

461 1842 695 1926 Aristaenetus,
719 1843 813 1908 ouius
837 1844 1064 1926 argumentum
1087 1842 1191 1908 simile
1210 1861 1280 1907 6666
1305 1861 1410 1927 supra
1427 1839 1503 1906 vidi·

371 1963 453 2028 6166,
473 1944 535 2009 hoo
552 1947 718 2029 proprium
737 1945 840 2027 habet,
860 1944 947 2028 quod
961 1945 1078 2011 rivales
1096 1949 1173 2010 eunt
1188 1946 1344 2010 meretrix
1365 1951 1400 2010 61
1416 1965 1502 2009 uxor.

372 2048 467 2126 Quod
481 2049 570 2114 uude
587 2050 767 2133 sumpserit
782 2047 959 2132 intelleges,
975 2048 1033 2113 ubi
1049 2051 1277 2134 epigrammata
1289 2049 1425 2114 Anthol.
1442 2047 1502 2112 Pal

372 2151 440 2216 XII
456 2153 507 2217 89.
522 2154 563 2216 90
583 2153 773 2236 inspexeris,
793 2171 932 2234 quorum
949 2153 1062 2235 poetae
1081 2151 1201 2234 triplici
1218 2153 1376 2216 tenentur
1391 2170 1502 2230 amore,

372 2256 561 2338 meretricis,
577 2256 678 2338 pueri,
693 2255 838 2338 virginis.
864 2253 977 2336 Neque
993 2254 1111 2319 desunt
1126 2254 1321 2337 comoediae,
1337 2255 1502 2338 inquibus

373 2358 480 2421 mariti
494 2358 580 2422 inter
592 2376 711 2422 uxores
727 2360 760 2421 et
773 2357 960 2422 meretrices
972 2357 1141 2440 fluctuant
1153 2376 1259 2440 neque
1271 2359 1339 2422 vita
1352 2376 1501 2441 umquam

372 2459 521 2544 exempla
543 2459 688 2544 prolerre
707 2461 885 2541 cessavit1).
918 2459 1035 2524 Exitus
1054 2462 1150 2542 certe,
1174 2479 1237 2543 quo
1257 2461 1356 2544 optat,
1381 2465 1420 2526 ut
1437 2479 1500 2524 mu-

468 2643 488 2715 1)
506 2643 606 2714 Tangit
625 2643 747 2698 similem
766 2643 960 2712 quaestionem
983 2641 1041 2698 iam
1058 2641 1213 2711 Euripides.
1237 2639 1379 2698 conferas
1399 2641 1500 2698 Andro·

373 2728 504 2785 machara
517 2746 543 2784 v.
558 2729 610 2785 177
620 2745 694 2800 sqq:
977 2800 1053 2856 Οὐδὲ
1071 2801 1125 2868 γὰρ
1145 2800 1232 2853 καλὸν

588 2886 680 2939 Δυοῑν
698 2887 843 2949 γυναικοῖν
862 2885 942 2952 ἄνδρ’
957 2885 995 2939 ἔν’
1009 2883 1090 2951 ἠνία(
1109 2885 1191 2952 ἔχειν,

586 2965 660 3024 Ἀλλ’
675 2968 713 3024 eit
734 2969 799 3036 μίαν
819 2971 970 3036 βλέποντε(
987 2969 1102 3024 εὐνα1αν
1123 2969 1230 3036 Κύπριν

591 3056 769 3124 Στέργουειν,
789 3057 863 3110 licut
883 3055 920 3122 μή
939 3057 1032 3109 κακῶς
1052 3053 1160 3110 οἰκεῖν
1179 3055 1253 3110 oller

372 3153 421 3224 (ad
439 3169 539 3210 vocem
559 3153 644 3208 οἰκεῖν
663 3153 797 3210 61116616
816 3153 986 3210 Aristaeneli
1006 3153 1142 3224 epistulae
1161 3153 1242 3223 1111)

372 3257 402 3308 et
419 3253 558 3324 iliisqq.:

643 3343 758 3397 Οὔποτε
777 3343 812 3410 δή
832 3341 936 3409 δίδυμα

642 3428 740 3496 Λέκτρ’
754 3427 891 3482 ἐπαινέω)
911 3429 1025 3496 βροτῶν

644 3513 712 3568 Οὐδ’
727 3513 930 3580 ἀμφιμάτορα(
949 3513 1063 3581 κὸρουε,

635 3594 752 3665 Ἔριδα(
771 3597 860 3652 οἴκων
879 3600 1022 3664 δυεμενεῑε
1039 3613 1070 3651 τε
1088 3597 1186 3652 λύπας.

644 3681 722 3737 Μίαν
742 3699 790 3748 μοι
808 3684 948 3750 (τεργέτω
968 3683 1048 3738 πόα(
1065 3683 1167 3748 γάμοι(

639 3763 850 3834 Ἀκοινώνητον
869 3768 975 3835 ἀνδρὸς
994 3768 1080 3822 εὐνάν
1098 3783 1156 3822 κ.τ.
1167 3768 1188 3822 ἕ.

372 3869 404 3923 et
421 3865 489 3921 9⁰9·
643 3949 733 4005 Κακόν
750 3949 776 4015 γ’
791 3951 893 4020 ἔλεξας,
912 3951 1004 4017 ἄνδρα
1022 3949 1174 4018 1166’ἔχειν
1192 3949 1270 4018 λέχη.

371 4049 442 4106 Sola
457 4047 656 4105 Andromacha
672 4049 735 4120 ipsa
753 4049 819 4105 huic
841 4049 999 4105 sententiae
1020 4048 1204 4118 contradicit;
1224 4049 1259 4106 61.
1279 4049 1423 4123 2116666

592 4145 620 4202 rt
639 4148 664 4202 δ’
679 4147 754 4214 ἀμφὶ
773 4149 890 4217 θρῄκην
909 4147 983 4214 χιόνι
1000 4149 1055 4215 τὴν
1073 4149 1252 4216 κατάρρυτον

588 4233 737 4300 Τύραννον
755 4233 832 4300 texet
851 4233 941 4300 tvbp’,
959 4231 996 4286 iv'
1009 4233 1040 4288 ἐν
1060 4234 1138 4302 μέρει
1156 4234 1239 4302 λέχος
