3354 4930
747 404 883 476 Ludwig
902 405 1147 475 Rosenmeyer,

703 1113 757 1178 De
780 1113 975 1197 capitibus
999 1113 1199 1178 VH—VIII.

475 1257 545 1321 VII.
569 1256 611 1320 nt
633 1257 695 1320 hoc
717 1256 790 1321 loeo
809 1256 965 1339 optimum
985 1275 1055 1322 esse
1073 1259 1150 1340 puto
1168 1261 1272 1340 caput,
1300 1258 1395 1342 quale
1412 1257 1516 1342 Krey-

385 1379 522 1423 monnus
543 1357 652 1440 edidit,
675 1359 816 1422 maxima
832 1377 873 1422 ex
896 1365 987 1443 parte
1008 1359 1043 1422 iu
1064 1357 1206 1424 medium
1224 1359 1377 1443 proferre.

474 1458 728 1544 (235114-811)
750 1461 841 1526 Tunc
864 1463 964 1546 igitur
986 1462 1080 1527 etiam
1105 1462 1174 1544 ipse
1197 1479 1301 1524 sermo
1321 1465 1463 1546 speciem
1483 1467 1516 1529 et

386 1571 533 1630 ornatum
558 1585 653 1630 suum
672 1567 739 1646 (15)
762 1567 870 1648 sumit
894 1585 1008 1631 sonum
1029 1570 1062 1630 et
1079 1585 1201 1648 vocem,
1226 1585 1301 1631 oum
1321 1565 1399 1630 dicit
1418 1567 1513 1632 deus:

385 1668 457 1732 fiat
478 1669 553 1732 lux.
587 1669 667 1733 haec
691 1675 740 1733 est
762 1669 912 1733 nativitas
935 1669 1079 1753 perfecta
1102 1669 1270 1750 sermonis,
1295 1667 1373 1733 dum
1392 1689 1434 1734 ex
1454 1671 1514 1735 deo

385 1769 538 1854 procedit
579 1771 727 1836 conditus
757 1771 796 1834 ab
821 1791 859 1836 eo
887 1773 1027 1856 primum
1054 1771 1094 1836 ad
1123 1772 1297 1854 cogitatum
1326 1772 1359 1834 in
1384 1773 1515 1838 nomine

330 1893 344 1936 e
385 1875 536 1958 sophiae:
562 1873 738 1939 dominus
762 1873 937 1939 condidit
960 1893 1016 1939 me
1038 1875 1194 1939 initium
1213 1875 1372 1956 viarum,
1396 1873 1516 1941 dehinc

385 1979 557 2062 generatus
573 1975 614 2041 ad
629 1977 799 2040 effectum:
820 1997 902 2040 oum
919 1981 1071 2060 pareret
1087 1976 1251 2058 caelum,
1270 1975 1421 2041 aderam
1440 1979 1516 2062 illi,

385 2080 503 2144 exinde
527 2099 601 2144 eum
625 2081 691 2162 (20)
720 2085 844 2164 patrem
866 2078 928 2144 sibi
951 2079 1081 2161 faciens
1106 2079 1146 2144 de
1171 2100 1235 2162 quo
1258 2079 1461 2164 procedendo
1488 2107 1517 2160 e,

384 2181 473 2246 filius
492 2183 598 2247 factus
618 2185 673 2264 est,
697 2183 938 2266 primogenitus,
961 2187 1090 2248 utente
1109 2185 1218 2248 omnio
1235 2184 1373 2267 genitus,
1392 2186 1425 2248 et
1442 2185 1516 2249 uni-

383 2286 523 2369 genitae,
553 2288 591 2350 ut
618 2285 706 2348 solus
735 2303 778 2348 ex
801 2284 861 2348 deo
891 2285 1028 2368 genitus,
1058 2286 1188 2369 proprie
1218 2284 1379 2350 devolve
1408 2287 1515 2351 cordis

332 2407 357 2451 io
383 2388 495 2472 ipsius,
515 2388 695 2452 secundum
714 2387 800 2470 quod
820 2391 852 2452 et
870 2390 960 2471 pater
975 2389 1045 2471 ipse
1061 2391 1211 2454 testatur:
1237 2390 1432 2453 eructavit
1451 2409 1517 2454 cor

384 2512 507 2556 meum
530 2512 741 2558 sermonem
766 2492 958 2576 optimum.
999 2491 1039 2556 ad
1063 2511 1160 2575 quem
1188 2490 1341 2576 deinceps
1368 2491 1515 2574 gaudens

385 2595 519 2678 proinde
542 2595 734 2677 gaudentem
755 2596 821 2678 (25)
848 2595 882 2657 in
910 2613 1047 2677 persona
1070 2593 1176 2657 illius:
1205 2593 1317 2658 iilius
1345 2613 1514 2660 meuses

385 2702 441 2778 tu,
466 2697 645 2778 (inquit)
669 2717 736 2780 ego
765 2695 878 2760 hodie
906 2698 1021 2780 genui
1045 2703 1097 2778 te,
1121 2702 1167 2760 et:
1193 2702 1280 2760 ante
1303 2696 1511 2762 luciferum

385 2800 501 2882 genui
529 2803 573 2864 te.
613 2803 717 2865 sicet
745 2800 835 2864 filius
864 2819 906 2864 ex
929 2795 1056 2882 (each)
1087 2819 1146 2864 sua
1175 2819 1313 2884 persone
1341 2801 1513 2883 profitetur

331 2917 358 2961 15
385 2904 507 2985 petrem
525 2901 705 2967 innomine
724 2902 870 2986 sophiae:
892 2901 1067 2967 domiuus
1088 2901 1265 2967 condidit
1284 2922 1339 2966 me
1358 2904 1515 2968 initium

387 3007 533 3070 viarum
556 3007 594 3069 in
619 3026 733 3090 opera
751 3026 834 3084 sua;
859 3009 945 3071 ante
965 3026 1095 3072 omnes
1114 3010 1239 3072 autem
1260 3010 1380 3074 colles
1397 3030 1516 3094 gene-

386 3110 486 3174 ravit
505 3131 567 3175 me.
593 3131 666 3174 nam
685 3111 713 3175 si
732 3111 786 3176 hic
805 3113 934 3192 quidem
954 3112 1067 3196 sophia
1082 3111 1211 3176 videtur
1230 3113 1338 3178 dicere
1354 3113 1515 3178 conditam

387 3234 422 3280 se
446 3235 465 3278 a
488 3215 617 3279 domino
641 3217 675 3279 in
700 3235 796 3298 opera
819 3221 850 3281 et
873 3215 942 3278 vias
965 3216 1008 3297 (5)
1033 3215 1112 3297 eius,
1136 3213 1212 3278 ahbi
1236 3220 1343 3280 autem
1366 3235 1426 3300 per
1449 3235 1515 3282 ser·

386 3337 516 3382 monem
539 3318 718 3382 ostenditur
741 3320 848 3382 omnia
871 3319 956 3382 facta
979 3336 1051 3383 esse
1071 3323 1103 3382 et
1121 3319 1191 3383 sine
1209 3318 1265 3382 illo
1285 3318 1365 3382 nihil
1384 3319 1516 3400 fectum,

332 3437 361 3482 ao
387 3423 472 3486 sicut
498 3428 530 3486 et
557 3442 704 3486 rursum:
734 3439 908 3486 sermone
936 3422 1021 3485 eius
1049 3421 1147 3486 caeli
1176 3421 1398 3485 confirmati
1426 3427 1517 3486 sunt

388 3526 426 3586 et
449 3523 589 3606 spiritu
615 3525 697 3587 eius
726 3543 855 3588 omnes
879 3525 982 3587 vires
1010 3543 1155 3604 eorum,
1183 3524 1296 3606 utique
1324 3543 1362 3589 eo
1390 3525 1516 3609 spiritu,

389 3627 444 3709 qui
468 3627 609 3689 sermoni
632 3626 743 3708 inerat,
767 3627 900 3710 apparet
917 3645 1013 3690 unam
1034 3624 1233 3708 eandemque
1253 3626 1320 3689 vim
1338 3645 1409 3691 esse
1429 3647 1518 3692 nune

388 3728 423 3790 in
446 3730 575 3793 nomine
599 3729 729 3812 sophiae
753 3749 841 3793 nunc
864 3729 898 3791 in
921 3729 1133 3813 appellatione
1156 3729 1223 3810 (10)
1246 3729 1411 3810 sermonis,
1435 3749 1517 3812 quae

478 3883 495 3936 6
520 3882 561 3936 illi
586 3883 733 3952 (simul.)
757 3881 860 3937 exinde
886 3883 969 3949 Pam3
1025 3885 1042 3937 7
1065 3887 1174 3952 patrem
1193 3883 1248 3950 MF,
1273 3899 1370 3952 parem
1389 3885 1411 3939 P
1436 3885 1518 3954 culpo

390 3953 508 4040 [patrem
530 3967 558 4034 P,
583 3973 594 4022 t
616 3967 669 4020 litt.
687 3986 705 4020 a
728 3968 792 4020 uer.
810 3967 952 4038 minnah
977 3968 1105 4020 lacunam
1130 3969 1251 4036 eipnaea't
1275 3968 1322 4021 Kr
1340 3987 1346 4024 :
1365 3975 1515 4039 generetur

389 4055 560 4108 imercide'sae
575 4059 658 4122 putat
670 4055 716 4122 (es.
730 4053 847 4124 23⁶l1⁵h
868 4051 903 4107 de
916 4069 972 4122 quo
984 4053 1163 4122 procedendo
1176 4053 1256 4122 <fit>
1267 4053 1349 4121 iilius,
1369 4055 1461 4110 iaetus
1473 4059 1518 4112 est

389 4139 591 4209 primogenitus
599 4139 645 4192 Ka·
653 4143 681 4193 in
695 4141 735 4194 ed.
743 4144 822 4206 mtn.;
853 4140 886 4192 12
897 4137 1065 4208 gaudentem
1077 4139 1106 4192 in
1114 4137 1197 4191 Pam:
1211 4137 1344 4208 gaudenti
1356 4139 1386 4193 in
1394 4139 1490 4194 Pure
1499 4141 1517 4210 ¹,

390 4224 557 4294 gaudentem
571 4225 624 4292 R³;
656 4225 689 4279 13
701 4225 792 4295 inquit
804 4225 913 4277 addidit
926 4223 985 4290 Kr3
999 4227 1027 4278 et
1040 4227 1106 4278 ante
1119 4222 1267 4278 luciferum
1281 4223 1365 4292 genui
1378 4227 1405 4278 te
1418 4239 1470 4280 om.
1482 4225 1517 4292 ἣ

392 4307 425 4362 16
437 4307 467 4362 in
484 4323 572 4377 opera
590 4325 644 4363 sua
657 4309 710 4376 RF,
729 4307 759 4362 iu
778 4325 831 4364 sua
849 4325 935 4378 opera
948 4309 975 4363 id
993 4309 1074 4377 (eoa-r.
1085 4327 1119 4364 m.
1134 4313 1160 4377 1)
1178 4309 1212 4376 P;
1231 4309 1266 4363 22
1288 4287 1419 4379 sermone}
1432 4307 1467 4361 M.
