3236 4920
369 433 411 496 68
787 439 885 494 Joser
900 438 1073 508 Δίίιετίιιε,

362 620 417 683 ,καὶ
435 612 570 692 Περςών
590 615 696 676 καλαῖς
716 613 765 675 καί
790 611 938 690 μεγάλαις
956 609 1076 687 γυναιξὶ
1102 620 1151 683 καὶ
1173 613 1342 690 παρθένοις
1367 611 1514 692 ὁμιλεῖν,

368 718 407 794 μή
428 715 534 794 ώςπερ
554 715 583 778 οἱ
602 716 787 795 λωτοφάγοι
811 715 1028 793 ἐπιλαθώμεθα
1050 719 1105 792 τῆς
1128 713 1228 778 οἴκαδ’
1250 713 1376 796 όδοῦί).

613 921 668 984 IV.
701 921 776 985 Das
807 922 971 985 δυνατόν
1001 919 1079 984 und
1110 919 1250 1004 ῥηίδιον.

456 1064 525 1130 Dass
548 1069 645 1128 unter
667 1061 772 1128 dieses
795 1063 922 1147 Kapitel
946 1061 1326 1146 Ermunterungsmotive
1350 1065 1515 1148 mannig-

365 1169 508 1235 iachster
523 1171 584 1233 Art
598 1169 750 1252 μολὸτοο,
761 1167 874 1250 zeigen
888 1166 940 1230 die
951 1165 1167 1246 Τίιοοτοίίίτοι,
1180 1165 1357 1230 besonders
1370 1166 1512 1249 Syrian,

366 1272 423 1336 der
435 1272 507 1336 eine
517 1270 636 1354 Menge
649 1289 711 1334 von
725 1269 1101 1353 Beweismiiglichkeiien
1114 1268 1261 1332 anfiihrt:
1278 1268 1311 1332 11
1324 1289 1352 1352 p.
1366 1272 1444 1351 181,
1463 1272 1509 1334 11

364 1373 454 1439 Bibe
477 1375 495 1452 ἡ
520 1376 556 1438 δέ
578 1377 637 1437 τοῦ
666 1375 806 1437 δυνατοῦ
835 1372 968 1436 ἐξέταςις
991 1422 997 1436 .
1018 1421 1024 1434 .
1044 1421 1051 1436 .
1075 1373 1240 1446 γενήςεται
1264 1420 1324 1434 ...
1349 1371 1414 1435 ἀπὸ
1442 1377 1512 1452 μὲν

365 1481 481 1560 ψυχῆς,
509 1477 654 1556 εὐορκίας
684 1475 851 1558 ἐπιορκίας,
879 1477 1009 1540 πίςτεως
1037 1475 1173 1539 ἀπιςτίας
1201 1475 1327 1538 εὐνοίας
1355 1475 1510 1556 φθόνου,

365 1580 599 1660 μεγαλοψυχίας
624 1578 883 1660 φιλοχρηματίας,
903 1579 1059 1656 ἐμπειρίας
1080 1578 1219 1656 ἀπειρίας
1238 1575 1373 1641 καὶτῶν
1391 1579 1509 1642 τοιού-

363 1703 437 1766 των,
458 1683 562 1747 ὁπόςα
582 1686 686 1760 ψυχῆς
705 1681 764 1745 ἐςτι
782 1682 876 1760 πάθη.
896 1681 959 1745 ἀπὸ
977 1683 1013 1745 δὲ
1028 1681 1183 1761 ςώματος,
1200 1679 1307 1759 ῥώμης
1325 1680 1509 1762 ἀςθενείας,

364 1787 482 1852 εὐεξίας
496 1787 642 1864 καχεξίας
658 1781 707 1848 καί
722 1789 789 1848 τών
804 1783 968 1848 τοιούτων.
985 1783 1048 1847 ἀπὸ
1068 1786 1104 1848 δέ
1122 1788 1187 1846 τών
1206 1783 1305 1866 ἐκτὸς,
1324 1785 1507 1863 χρημάτων

364 1891 479 1970 φίλων,
508 1891 709 1966 ςτρατιωτών
735 1885 846 1950 όπλων
870 1885 1050 1968 ςυμμάχων,
1073 1887 1211 1964 τριήρων
1238 1887 1355 1967 ἵππων,
1383 1888 1506 1950 τόπων

362 1975 512 2073 λιμένων,Ι
526 1995 643 2069 καιρών
661 1991 757 2069 τύχης
776 2039 783 2052 .
801 2039 807 2052 .
825 2039 831 2052 .
851 1988 914 2053 ἀπὸ
933 1991 993 2068 γὰρ
1012 1995 1078 2053 τών
1092 1989 1283 2068 προςόντων
1299 1989 1371 2068 ἡμίν
1387 1988 1505 2054 αὐτοῑε

362 2095 382 2172 ἢ
400 2097 466 2159 τοῖς
484 2095 637 2158 ἐναντίοις
655 2093 674 2170 ἢ
694 2093 824 2158 πάντων
843 2093 908 2172 ἅμα
926 2095 945 2172 ἢ
963 2097 1060 2157 τινών
1082 2095 1249 2174 ληψόμεθα
1266 2096 1324 2171 τήν
1343 2094 1503 2173 εὐπορίαν

363 2197 405 2262 είς
416 2199 474 2274 τήν
486 2199 545 2260 τοῦ
557 2199 697 2260 δυνατοῦ
708 2198 908 2274 καταςκευήν.
988 2197 1253 2274 ὐποδιαιρήςομεν
1264 2198 1344 2260 δὲτὸ
1355 2199 1502 2262 δυνατόν

362 2303 492 2379 πρώτον
521 2303 589 2380 μέν,
620 2297 676 2362 ἐὰν
704 2297 838 2381 ἐγχωρῇ,
865 2304 910 2382 τῷ
939 2301 979 2378 μὴ
1004 2299 1142 2378 χαλεπόν
1171 2294 1255 2380 εἶναι,
1279 2299 1385 2364 ἔπειτα
1403 2305 1451 2382 τῷ
1474 2301 1503 2364 εί

362 2400 412 2466 καὶ
442 2402 583 2480 χαλεπὸν
614 2401 658 2479 εἴη
690 2400 756 2464 ἀλλ’
787 2401 847 2464 οὐν
878 2400 1057 2482 ἀναγκαῖον,
1088 2399 1139 2464 καὶ
1169 2399 1217 2465 ὅτι
1247 2404 1292 2465 δεῖ
1318 2402 1398 2480 ὑπὲρ
1428 2405 1501 2465 τών

362 2509 506 2585 χρηςτών
536 2505 587 2567 καὶ
616 2503 738 2568 πόνου(
772 2508 822 2570 καὶ
852 2505 1021 2568 κινδύνους
1050 2504 1227 2584 ὑπομένειν,
1256 2502 1305 2568 καὶ
1336 2503 1382 2568 ότι
1413 2505 1500 2584 ὐπέρ

361 2611 420 2673 τοῦ
451 2611 491 2686 μὴ
521 2607 752 2686 χαλεπωτέρως
775 2609 948 2684 περιπεςεῑν
971 2607 1174 2684 ἀντιληπτέον
1196 2611 1262 2672 τών
1285 2607 1498 2685 πραγμάτων.

362 2710 435 2776 Den
463 2709 693 2774 wesentlichen
722 2708 939 2774 Unterschied
969 2709 1131 2774 zwischen
1159 2708 1232 2774 dem
1260 2711 1402 2775 δυνατόν
1427 2708 1498 2774 und

363 2813 437 2877 dem
466 2814 577 2895 ῥηίδιον
605 2811 769 2875 όοιέίιιιπιί
795 2811 910 2893 Syrian
939 2832 968 2895 p.
992 2813 1064 2893 182,
1087 2813 1128 2875 26
1157 2831 1208 2876 so:
1238 2813 1287 2876 ἐπὶ
1311 2816 1347 2877 δέ
1369 2815 1497 2878 τούτοις

363 2915 600 2981 καταςκευάζειν
625 2917 683 2994 χρη
710 2916 759 2978 καί
786 2917 824 2978 τὸ
851 2913 980 2997 ῥᾴδιον·
1006 2914 1130 2993 αὐξηςις
1152 2917 1212 2993 γὰρ
1232 2917 1292 2980 τοῦ
1314 2919 1455 2980 δυνατοῦ
1476 2916 1496 2993 ἡ

362 3021 421 3083 τοῦ
446 3019 561 3101 ῥᾳςτου
589 3018 754 3082 ἀπόδειξις.

457 3222 476 3292 ¹)
495 3223 535 3278 Ζιι
554 3223 705 3277 hemerken
724 3221 770 3288 ist,
788 3221 841 3276 wie
854 3222 901 3276 hie
920 3222 978 3276 und
997 3223 1033 3276 da
1052 3223 1104 3278 das
1116 3223 1204 3277 Moiiv
1222 3223 1272 3277 des
1284 3223 1495 3292 Kampipreises

363 3309 437 3364 nach
450 3309 499 3362 Art
512 3308 562 3362 des
575 3309 660 3371 λόγος
673 3307 909 3374 ἐςχηματιςμένος
921 3307 989 3361 oder
1008 3324 1102 3362 sermo
1114 3309 1249 3378 figuratus
1268 3309 1435 3378 ausgeiiihri
1449 3309 1494 3364 ist.

364 3395 418 3448 Der
431 3393 565 3448 Feldherr
575 3392 633 3446 ίίίίίί
647 3393 702 3446 den
715 3392 887 3461 Siegespreis
907 3409 940 3446 so
952 3393 1049 3462 gering
1068 3393 1136 3448 oder
1148 3394 1193 3448 die
1213 3393 1383 3448 seindlichen
1396 3393 1494 3449 Kraite

364 3495 396 3533 so
415 3476 622 3546 minderweriig
641 3476 816 3544 erscheinen,
836 3477 891 3531 dass
904 3495 935 3532 es
948 3477 1009 3531 sich
1023 3477 1143 3532 beinahe
1157 3479 1207 3532 der
1219 3478 1302 3534 Miihe
1315 3477 1393 3534 nicht
1405 3479 1494 3546 lobni,

364 3556 420 3618 din
437 3563 501 3631 Sieg
520 3577 554 3616 zu
578 3561 715 3630 erringen.
746 3562 811 3616 Dies
831 3561 1011 3617 Kunstmiilel
1037 3563 1086 3617 hat
1105 3564 1199 3619 Livius
1225 3564 1255 3618 in
1274 3565 1323 3619 der
1342 3565 1420 3619 Rede
1444 3565 1494 3620 des

364 3648 459 3718 Scipio
477 3663 529 3701 νοτ
548 3647 597 3701 der
616 3646 749 3702 Schlachi
768 3665 814 3702 am
827 3647 940 3702 Ticinus
960 3649 1144 3718 angewandt:
1163 3649 1291 3720 xxiii),
1306 3651 1340 3705 10
1358 3650 1494 3720 reliquias

366 3739 507 3788 extremas
525 3731 656 3796 hostiurn,
681 3748 737 3786 non
756 3732 867 3786 hostem
885 3733 1004 3787 habetis.
1024 3749 1059 3788 ιια
1078 3733 1148 3788 nihil
1166 3735 1256 3804 magis
1275 3751 1385 3801 vereor,
1409 3751 1494 3805 quarn

364 3833 409 3884 ne,
428 3832 558 3871 roseum
577 3817 776 3885 pugnaverim,
795 3817 879 3886 Alpes
892 3817 995 3872 vicisse
1008 3818 1195 3873 Hannibalem
1213 3819 1370 3874 videantur.
1390 3819 1441 3874 sed
1454 3820 1494 3872 ita

365 3903 485 3958 forsitan
504 3903 604 3968 decuit,
625 3919 689 3956 cum
709 3903 854 3957 foederum
873 3908 986 3973 ruptore
1006 3903 1077 3959 duce
1091 3921 1125 3958 ac
1138 3905 1241 3972 populo
1254 3903 1324 3958 deos
1341 3904 1419 3974 ipsos
1432 3905 1493 3958 sine

365 3988 423 4042 ulla
441 3987 565 4041 humana
585 4003 638 4056 ope
657 3987 830 4042 committere
850 4003 884 4041 ac
898 3987 1044 4057 profligare
1063 3989 1176 4056 bellum,
1196 4005 1257 4056 αοο,
1277 3987 1324 4058 qui
1337 3987 1493 4044 secundum

366 4073 435 4130 deos
458 4073 556 4127 violati
580 4089 685 4138 sumus,
711 4076 893 4129 commissum
916 4091 951 4130 ac
970 4076 1145 4146 profligatum
1165 4077 1313 4132 conficere.
1343 4077 1421 4131 λατίι
1441 4075 1492 4132 Oc·

366 4159 463 4214 tavian
483 4157 527 4212 bei
546 4157 624 4212 Cass.
638 4158 690 4212 Dio
707 4159 736 4226 L,
752 4159 795 4226 28,
814 4161 845 4214 6:
866 4160 923 4222 ἐγώ
939 4163 990 4224 μέν
1009 4161 1053 4214 καί
1071 4160 1237 4227 αίςχὺνομαι
1256 4163 1300 4215 ότι
1313 4165 1387 4228 πρὸς
1398 4162 1492 4215 τοιού·

365 4257 434 4298 τουε
453 4243 627 4310 ἀνθρώπους
646 4243 830 4307 ἀγωνίζεςθαι
850 4246 996 4313 μέλλομεν,
1017 4246 1059 4299 ών
1078 4245 1123 4299 καί
1143 4247 1329 4314 κρατήςαντες
1349 4248 1401 4301 οὐκ
1413 4247 1492 4300 εὐθο·

367 4329 519 4396 κιμὴςομεν
538 4327 583 4382 καί
597 4329 766 4395 ἡττηθέντες
784 4331 1026 4398 ἀςχημονὴςομεν,
