3354 4930
364 419 407 482 20
725 423 864 494 Ludwig
882 425 1131 496 Roscnmcyer,

454 598 539 660 Ante
559 596 666 660 omnia
684 594 882 660 restituenda
901 599 951 660 cst
968 599 1129 662 sententia
1151 597 1235 663 ‘eum
1262 601 1409 682 pattlrem
1431 600 1493 664 sibi

364 701 508 766 faciens'.
541 699 592 764 ‘de
615 700 700 782 quo',
724 700 753 763 h.
770 718 796 763 e.
820 698 981 782 depone,
1005 719 1099 765 nemo
1124 701 1288 784 dubitabit
1314 705 1392 787 quin
1412 703 1495 768 refe·

364 804 501 870 rendum
525 804 568 866 sit
585 803 626 866 ad
645 803 752 886 ‘eum’,
775 803 809 864 in
833 823 896 885 qno
915 804 1015 886 igitur
1032 803 1228 888 significatio
1248 805 1368 888 ⁸pnter’,
1391 808 1493 884 inest3

364 907 485 991 'pater’
510 926 584 970 oum
608 907 650 969 sit
677 906 774 971 huius
802 909 980 973 sentcntiae
1009 908 1183 992 obiectum,
1211 909 1394 974 subiectum
1422 931 1493 976 esse

363 1029 429 1074 non
452 1014 565 1092 potest,
589 999 687 1091 quare
707 1007 817 1073 ‘filius'
841 1009 1022 1074 subiectum
1042 1017 1098 1075 est.
1132 1011 1166 1076 Si
1186 1011 1427 1077 consideramus
1451 1013 1493 1095 id,

364 1113 450 1198 quod
474 1113 513 1178 de
537 1111 621 1176 bona
643 1112 875 1176 sententiarum
898 1114 1130 1196 compositione
1153 1113 1247 1178 modo
1272 1115 1422 1198 diximus,
1442 1117 1494 1182 vel

363 1217 439 1282 inde
462 1216 591 1280 ‘filium’
616 1233 686 1278 esse
710 1213 892 1280 subiectum
915 1216 1058 1300 intellegi
1082 1220 1193 1300 potest.
1224 1217 1437 1301 Repetamus:

602 1315 763 1380 ‘conditus
786 1354 831 1365 -
854 1317 996 1402 sophiae’
1015 1339 1021 1382 :
1040 1319 1073 1382 id
1098 1326 1146 1384 est
1168 1319 1265 1384 filius.

602 1419 731 1484 ‘dehinc
755 1457 796 1466 —-
822 1419 986 1484 effectum’
1004 1443 1010 1484 :
1027 1422 1060 1484 id
1084 1428 1134 1486 est
1156 1422 1254 1487 lilius.

603 1520 734 1586 ‘exinde
761 1559 798 1568 -
824 1522 957 1586 laciens’
976 1522 1032 1586 :id
1057 1528 1107 1588 est
1129 1525 1227 1590 filius,

455 1627 483 1691 A
506 1627 575 1690 filio
599 1632 721 1709 patrem
744 1625 813 1689 filio
843 1646 951 1709 parem
979 1628 1101 1693 factum
1129 1648 1200 1694 esse
1229 1628 1403 1693 absurdum
1427 1635 1492 1704 est;

365 1732 509 1818 ‘patrem’
528 1731 628 1814 igitur
646 1729 852 1793 scribendum
873 1733 929 1812 est
954 1733 1039 1815 quod
1059 1751 1170 1796 omncs
1187 1731 1340 1815 praebent
1356 1732 1493 1813 codices,

366 1835 452 1920 quod
476 1841 508 1901 ct
530 1834 592 1898 MP
621 1832 770 1898 codicum
796 1834 990 1918 archetypus
1019 1836 1179 1920 praebuit,
1207 1835 1295 1899 solus
1318 1835 1345 1898 P
1373 1835 1494 1900 codicis

365 1940 515 2004 librarius
539 1957 596 2001 scu
617 1957 658 2000 m.
672 1938 701 2000 2.
725 1937 829 2020 (plane
849 1939 910 2004 hoc
930 1939 1128 2024 distinguere
1148 1959 1211 2002 non
1231 1941 1332 2023 potui)
1348 1939 1494 2023 ‘patrem'

365 2043 400 2106 in
420 2041 550 2126 ‘parem'
571 2039 723 2122 correxit
747 2060 843 2122 quem
863 2041 890 2106 R
909 2042 1028 2125 aliique
1046 2049 1123 2108 sunt
1141 2043 1253 2107 secuti.
1292 2041 1494 2124 Quamquam

366 2145 521 2210 audacius
537 2143 617 2206 haec
629 2141 727 2206 verba
741 2143 959 2228 ‘compatrem
973 2145 1035 2209 sibi
1047 2146 1180 2211 taciens’
1193 2144 1277 2209 dicta
1290 2149 1374 2227 sunt
1386 2149 1494 2210 tamen

367 2255 491 2313 mutare
501 2247 613 2324 nolim;
631 2245 670 2309 cf.
680 2244 748 2308 cX
760 2245 849 2327 (241l
857 2245 998 2314 14--12ιΙ
1004 2250 1058 2330 32)
1070 2247 1146 2314 ‘non
1157 2268 1233 2332 ergo
1242 2267 1297 2312 cro
1307 2253 1405 2332 pater,
1418 2249 1495 2331 quia

364 2351 471 2415 filium
491 2368 555 2413 non
571 2347 681 2429 habeo,
694 2349 749 2430 qui
763 2349 840 2412 tacit
853 2350 994 2433 patrem.³
1014 2357 1046 2415 et
1059 2350 1180 2415 ibidem
1195 2347 1285 2433 (mol
1291 2351 1494 2428 19-12110)

366 2455 490 2536 ‘atquin
514 2459 604 2535 pater
627 2449 733 2514 lilium
751 2451 829 2515 facit
848 2456 881 2516 et
898 2459 1019 2537 patrem
1038 2453 1146 2518 filius’.
1183 2453 1245 2518 Sed
1264 2453 1494 2535 Kroymannus

365 2554 462 2619 verba
491 2553 542 2618 ‘de
570 2573 633 2636 quo
662 2554 863 2636 procedendo
891 2556 980 2621 filius
1008 2557 1112 2621 factus
1140 2559 1203 2621 est'
1232 2561 1355 2620 mutare
1383 2555 1493 2619 voluit

365 2658 465 2722 Recte
489 2657 649 2722 intellexit
672 2658 729 2720 toti
753 2661 919 2724 enuntiato
940 2660 1074 2724 verbum
1093 2660 1206 2725 deesse
1229 2659 1270 2724 ad
1289 2657 1374 2740 quod
1398 2659 1495 2742 parti·

366 2761 450 2844 cipia
465 2780 500 2825 se
516 2761 736 2844 adiungerent,
753 2763 967 2845 cognovitque
980 2761 1110 2826 ‘exinde
1128 2764 1169 2826 et'
1183 2763 1263 2825 nihil
1279 2763 1355 2825 novi
1367 2762 1494 2840 afferre,

367 2883 559 2946 quamquam
583 2867 763 2929 necessario
788 2865 1100 2930 commemorandum
1126 2871 1193 2928 erat
1215 2863 1318 2928 lilium
1344 2884 1384 2928 ex
1404 2867 1494 2947 patre

367 2966 501 3046 exiisse3
526 2967 560 3030 in
585 2967 631 3032 cd.
650 2969 720 3033 mai.
745 2969 849 3058 igitur¹
869 2970 969 3034 ‘filius
989 2970 1095 3034 factus
1116 2968 1175 3032 est’
1197 2965 1294 3031 verba
1317 2966 1494 3031 sententiae

367 3069 536 3152 primariae
553 3069 693 3134 reddidit
711 3075 743 3136 et
758 3077 831 3136 ante
848 3091 885 3136 ea
900 3073 1046 3136 lacunam
1065 3071 1212 3154 signavit,
1230 3069 1315 3152 quod
1335 3069 1408 3133 fieri
1428 3089 1493 3132 nou

366 3191 459 3255 posse
479 3173 555 3235 satis
574 3179 718 3255 apparet:
740 3173 790 3238 ‘de
810 3195 872 3257 quo
892 3173 1094 3259 procedendo
1113 3173 1204 3238 filius
1223 3172 1326 3236 lactus
1346 3171 1405 3235 cst’
1429 3189 1495 3236 ser-

366 3276 505 3340 vandum
517 3277 572 3357 cst
583 3275 669 3357 quod
681 3276 854 3360 respondet
863 3276 1039 3342 sententiae
1048 3276 1134 3340 ‘eum
1145 3281 1267 3358 patrem
1278 3274 1340 3338 sibi
1352 3273 1495 3338 laciens'.

367 3377 436 3443 Nec
460 3378 588 3441 felicius
616 3377 650 3440 in
674 3378 815 3443 editione
839 3379 962 3443 minore
986 3379 1156 3443 restituere
1180 3383 1314 3443 conatus
1343 3380 1392 3441 est
1419 3396 1496 3441 con-

367 3483 510 3544 textum:
534 3478 584 3543 ‘de
601 3501 664 3562 quo
681 3481 883 3564 procedendo
901 3482 981 3560 <fit>
998 3481 1096 3564 lilius,
1113 3481 1219 3546 leonis
1237 3486 1286 3546 est
1301 3480 1496 3564 primogeni-

368 3592 421 3648 tus
433 3635 439 3648 .
451 3633 457 3646 .
468 3584 486 3647 .'
511 3583 558 3648 De
572 3603 610 3648 ea
622 3586 708 3648 onim
721 3605 755 3648 rc
768 3606 842 3650 cum
856 3585 994 3648 maxime
1005 3585 1118 3668 agitur,
1131 3585 1216 3668 quod
1227 3585 1316 3648 filius
1326 3583 1380 3647 ille
1391 3583 1496 3648 factus

368 3690 424 3768 est,
443 3707 505 3750 non
524 3687 609 3769 quod
626 3688 859 3770 primogenitus
875 3690 925 3751 est
939 3695 971 3751 et
991 3687 1186 3770 unigenitus.
1220 3685 1294 3748 Alio
1315 3685 1386 3750 loco
1408 3704 1497 3749 men-

369 3789 446 3854 dum
471 3791 689 3873 quaerendum
714 3797 769 3856 est.
804 3791 893 3872 uum,
917 3795 954 3852 ut
978 3789 1041 3852 iam
1064 3788 1215 3870 diximus,
1240 3787 1346 3853 verbis
1366 3787 1497 3852 ‘exinde

369 3912 442 3957 eum
468 3895 589 3975 petrem
613 3893 674 3956 sibi
693 3892 828 3957 faciens’
847 3891 928 3955 nihil
947 3891 1022 3955 novi
1042 3891 1206 3974 afferatur,
1231 3892 1345 3955 haereo
1365 3892 1398 3954 in
1418 3910 1497 3955 voce

369 3996 518 4060 ‘exinde’.
543 3996 576 4060 Si
593 4015 665 4060 cum
679 3996 929 4060 Reitzensteinio
943 3993 1083 4059 ‘exinde’
1095 3994 1325 4057 mutaverimus
1337 3993 1371 4056 in
1384 3993 1496 4074 ‘exiit’‚

369 4119 479 4164 omnes
503 4097 711 4164 difficultates
740 4099 886 4164 emedio
915 4097 1057 4163 sublatae
1082 4102 1184 4162 erunt.
1222 4096 1386 4160 Sententia
1410 4115 1497 4160 nunc

371 4208 436 4266 est:
457 4202 549 4266 ‘exiit
572 4221 646 4266 eum
666 4205 788 4285 patrem
808 4201 869 4264 sibi
888 4202 1021 4284 faciens,
1041 4200 1081 4266 de
1101 4221 1164 4285 quo
1184 4200 1387 4286 procedendo
1406 4201 1497 4264 filius

370 4305 476 4369 factus
494 4311 549 4388 est
566 4305 821 4388 primogenitus.
838 4355 844 4368 .
863 4305 882 4369 .’
906 4305 951 4369 lia
966 4323 1010 4388 re,
1026 4305 1112 4388 quod
1129 4306 1198 4370 exit
1214 4305 1233 4368 ὁ
1252 4305 1359 4381 λόγος,
1382 4302 1498 4368 ovone
