2962 4778
644 335 780 405 Ludwig
798 336 1046 404 Rosenmeyer‚

671 955 724 1020 lle
748 957 875 1039 eapite
900 955 1009 1019 XXII.

364 1097 663 1181 (269l18-35l23)
682 1150 688 1162 .
706 1150 712 1162 .
729 1150 736 1162 .
753 1100 969 1182 interrogatus
988 1099 1160 1180 aludaeis,
1182 1100 1207 1163 si
1227 1100 1280 1182 ipse
1294 1104 1349 1160 eset

276 1201 485 1265 Christus-
506 1202 618 1285 utique
637 1201 698 1284 dei,
722 1222 796 1265 nam
814 1221 918 1284 usque
939 1200 1008 1285 (20)
1030 1203 1065 1264 in
1085 1202 1262 1266 hodiernum
1276 1198 1351 1263 ludaei
1435 1268 1436 1272 Ἰ

276 1303 440 1367 Christum
470 1305 538 1387 dei,
568 1326 635 1368 non
663 1307 770 1388 ipsum
800 1309 923 1388 patrem
951 1309 1096 1388 sperant,
1128 1305 1201 1387 quia
1225 1319 1354 1384 nunquam

276 1406 422 1470 Christus
435 1414 526 1490 pater
541 1408 680 1491 scriptus
696 1416 746 1475 est
762 1416 918 1474 venturus
931 1446 973 1454 -—
986 1409 1141 1492 loquor,
1158 1411 1262 1492 inquit,
1272 1406 1357 1482 rubis,
1445 1394 1449 1486 't

233 1533 247 1575 a
275 1514 839 1599 etnonereditis30pera‚quae
853 1534 920 1599 ego
933 1514 1087 1578 faoioin
1106 1510 1359 1595 nominepatris
1447 1520 1449 1535 ⁴

274 1616 356 1698 ipsa
372 1614 416 1679 de
433 1635 487 1680 me
504 1618 766 1682 testimonium
780 1617 922 1682 dieunt.
940 1616 1026 1700 quod
1039 1617 1273 1680 testimonium?
1286 1614 1360 1696 ipsum

274 1719 399 1784 seilicet
421 1739 501 1802 esse,
525 1721 564 1784 de
589 1741 652 1803 quo
677 1720 925 1804 interrogabant
949 1720 983 1783 id
1002 1727 1052 1784 est
1070 1721 1137 1801 (um
1162 1719 1304 1783 Christum
1319 1713 1363 1778 dei.

275 1820 315 1885 de
331 1821 446 1885 ovibus
462 1823 557 1886 etiam
575 1825 644 1887 suis
654 1853 684 1905 a,
702 1823 787 1906 qnod
803 1844 898 1888 nemo
915 1823 986 1887 illas
1003 1824 1043 1888 de
1060 1843 1160 1887 manu
1176 1824 1240 1886 eius
1255 1820 1365 1902 eriperet

274 1927 384 2007 pater
407 1926 518 2008 enim,
544 1925 718 2008 <inquit,>
743 1924 844 2008 quod
873 1925 966 1988 mihi
991 1924 1099 1989 dedit
1122 1925 1252 2005 maius,
1273 1918 1368 2003 (trull

221 2047 248 2091 ro
275 2032 332 2090 est
356 2028 544 2109 omnibus
568 2032 605 2092 et
628 2047 696 2111 ego
720 2035 757 2092 et
780 2031 888 2112 pater
912 2048 1026 2091 unum
1051 2047 1191 2091 sumus

364 2170 381 2222 2
400 2169 445 2223 dei
463 2170 519 2223 13³:
540 2170 610 2224 deus
623 2169 745 2234 PMFR¹;
783 2170 800 2221 8
819 2168 948 2221 hennam
966 2171 1088 2236 at'ynum't
1104 2168 1158 2235 Kr,
1178 2164 1372 2236 subiungensdt

274 2255 393 2319 adderam
431 2254 448 2306 9
467 2257 548 2322 pater
566 2255 642 2308 enim
661 2256 736 2323 quod
756 2255 824 2309 mihi
844 2255 920 2310 dedit
940 2255 1031 2310 maius
1045 2259 1089 2310 est
1102 2257 1233 2310 omnibus
1244 2254 1289 2307 ΡΜ
1303 2253 1336 2322 [ta
1345 2249 1373 2302 ed.

274 2343 340 2393 min.
354 2339 400 2392 Kr
411 2341 519 2392 tommo
532 2347 595 2408 post
612 2341 690 2397 dedit
702 2341 821 2410 posuitl,
840 2345 921 2411 pater
940 2341 1015 2395 enim
1035 2341 1083 2410 qui
1108 2341 1198 2395 maior
1216 2346 1256 2395 est
1273 2337 1376 2393 omnihus

274 2424 342 2479 mihi
361 2425 439 2479 dedit
458 2426 478 2478 F
495 2424 639 2491 Oehlerua;
660 2427 751 2495 inquit
769 2427 878 2479 addidit
896 2426 949 2479 Kr.

363 2552 462 2617 Recte
486 2553 715 2635 Kroymannus
738 2553 901 2618 intellexit
925 2553 1157 2617 Tertullianum
1182 2554 1215 2615 in
1235 2550 1386 2634 Evangelio

273 2655 426 2719 Iohannis
445 2655 478 2719 X
496 2658 627 2720 29-30
652 2656 778 2740 legisse,
803 2656 888 2738 quod
915 2656 1037 2738 aliquot
1060 2657 1156 2719 etiam
1183 2676 1270 2720 nune
1289 2654 1391 2719 habent

274 2757 419 2823 eodiees:
450 2758 468 2822 ὁ
492 2762 594 2838 πατήρ
623 2758 708 2844 [μου]
737 2761 756 2824 ὃ
786 2761 927 2824 δέδωκέν
959 2781 1010 2836 μοι
1034 2758 1167 2823 πάντων
1192 2761 1297 2835 μεῖζόν
1319 2760 1396 2827 icor.

274 2865 322 2927 καὶ
351 2863 457 2927 οὐδεὶς
485 2863 613 2927 δύναται
640 2863 789 2943 ἁρπάζειν
817 2862 851 2926 ἐκ
873 2867 928 2940 τῆς
954 2863 1057 2942 χειρὸς
1081 2866 1141 2926 τοῦ
1165 2863 1297 2941 πατρός.
1327 2863 1399 2936 Ἐγὼ

274 2969 323 3030 καὶ
351 2964 370 3029 ὁ
399 2969 502 3044 πατὴρ
532 2967 565 3029 ἓν
594 2966 684 3044 ἐεμεν
714 3003 755 3012 -
785 2967 830 3029 ita
859 2967 944 3029 enim
975 2965 1069 3030 etiam
1099 2964 1262 3044 HilariuS,
1294 2966 1331 3029 ei.
1358 2963 1402 3028 ed.

273 3067 507 3134 Tisehendorfii
527 3106 578 3151 -,
598 3069 742 3133 codicem
760 3069 786 3132 F
805 3072 921 3150 autem,
941 3088 1081 3151 quocum
1099 3068 1223 3133 fecerat
1243 3068 1404 3147 oehlerus,

274 3173 453 3236 correxisse
472 3171 580 3236 looum
598 3192 641 3236 ex
661 3171 723 3235 aha
743 3171 903 3255 evangelii
923 3172 1128 3236 recensione:
1160 3171 1304 3250 ὁπατήρ
1324 3171 1406 3256 [μου]

274 3276 310 3339 dc
329 3276 471 3339 δέδωκέν
491 3296 542 3352 μοι
561 3274 691 3338 πάντων
711 3277 824 3353 μείζων
845 3274 933 3339 ἐςτίν.
951 3324 957 3337 .
975 3324 981 3336 .
1000 3325 1006 3336 .
1042 3273 1159 3338 Dicere
1180 3275 1285 3339 voluit
1300 3283 1408 3340 auctor

273 3383 398 3441 noster:
428 3380 592 3460 potestate,
622 3397 705 3460 qnae
729 3398 746 3441 a
769 3380 860 3460 patre
889 3378 1030 3441 maxima
1057 3381 1144 3441 esset
1173 3377 1248 3441 data
1277 3378 1408 3458 Christo,

274 3499 348 3543 eum
373 3500 448 3544 oves
472 3500 546 3545 suas
571 3482 600 3544 h.
617 3501 643 3546 e.
663 3481 778 3545 fideles
801 3501 895 3564 posse
919 3482 1004 3545 tueri
1028 3484 1125 3563 atque
1150 3480 1190 3544 ab
1215 3484 1306 3545 omni
1330 3481 1409 3545 malo

274 3601 411 3646 servare.
440 3582 624 3648 Desiderari
643 3587 749 3648 autem
770 3585 855 3667 apud
872 3584 1103 3649 Tertullianum
1124 3584 1261 3648 verbum
1282 3586 1409 3649 finitum

273 3684 356 3749 bene
387 3687 499 3749 statuit
527 3686 763 3769 Kroymannus.
803 3687 866 3752 Sed
898 3687 983 3752 idem
1015 3687 1102 3770 quod
1133 3695 1206 3771 post
1235 3689 1332 3753 verba
1361 3687 1408 3752 ‘de

274 3788 388 3853 oribus
413 3791 508 3854 etiam
536 3791 615 3854 suis’
644 3791 792 3854 lacunam
823 3792 912 3855 hiare
941 3792 1027 3874 dicit,
1056 3810 1121 3854 non
1149 3791 1260 3874 probo.
1297 3794 1330 3855 Si
1354 3811 1408 3874 pro

274 3893 382 3957 ‘enim'
406 3912 485 3956 vooe
509 3894 637 3976 ‘inquit’
661 3893 777 3974 scribo,
806 3894 890 3957 nihil
914 3892 954 3957 ad
978 3894 1171 3958 sententiam
1200 3896 1408 3979 eomprehen-

274 3994 411 4059 dendam
428 3995 532 4060 deest:
550 3995 601 4060 ‘de
617 3996 732 4060 ovibus
748 3998 844 4061 etiam
861 3999 937 4079 suis,
955 3997 1038 4079 quod
1056 4016 1151 4061 nemo
1167 3997 1240 4061 illas
1257 3999 1297 4062 de
1312 4017 1405 4061 manu

275 4098 345 4162 eius
369 4100 520 4182 eriperet,
543 4102 665 4183 pater,
689 4101 867 4183 in<qnit>,
892 4099 992 4183 quod
1015 4100 1108 4162 mihi
1138 4099 1259 4181 dedit,
1288 4102 1405 4165 maius

274 4208 332 4263 est
355 4201 543 4284 omnibus,
569 4209 601 4267 et
624 4222 691 4285 ego
717 4208 753 4267 et
776 4206 884 4286 pater
907 4223 1022 4266 unum
1045 4204 1198 4267 sumus'
