3200 4918
324 394 532 464 Quaestioues
551 396 663 452 criticae
682 395 712 450 in
729 394 928 464 Aristophanis
946 393 1064 450 fabulas.
1246 393 1265 456 9

668 657 740 740 §a

204 819 422 903 Priusquam
445 825 553 886 autem
577 818 743 903 adipsum
766 818 965 900 quaestionis
987 817 1127 902 priorem
1144 825 1267 903 partem

120 924 361 1006 aggrediamur,
382 944 447 1007 qua
463 923 504 987 de
516 921 742 1006 Aristophanis
754 921 839 1005 apud
851 921 983 986 Suidam
995 923 1156 1006 excerptis
1169 923 1268 988 disse-

121 1031 213 1110 ratur,
224 1027 293 1092 hoc
303 1045 494 1110 monemus,
507 1045 572 1090 non
582 1044 693 1090 omnes
702 1024 856 1107 reliquias
865 1045 883 1088 a
892 1023 1119 1109 lexicographo
1130 1045 1148 1090 e
1158 1025 1269 1092 codice

122 1131 370 1216 Aristophaneo
400 1132 533 1196 haustas
563 1148 642 1195 esse.
676 1128 894 1194 Inveniuntur
923 1131 1009 1194 enim
1040 1129 1269 1215 adnotationes,

123 1253 201 1318 quaa
222 1235 327 1299 etiam
348 1236 388 1298 in
403 1233 563 1316 Hesychii
579 1233 631 1296 vel
647 1231 754 1297 Photii
768 1232 874 1298 lexico
890 1233 943 1298 vel
957 1234 992 1296 in
1007 1232 1147 1299 Beklreri
1163 1235 1269 1300 Aneo-

124 1337 203 1400 dotis
223 1339 278 1402 rel
299 1339 339 1401 in
362 1337 435 1401 aliis
453 1337 569 1402 lexicis
588 1341 781 1420 comparent
806 1335 901 1418 Quas,
920 1356 995 1401 cum
1014 1343 1185 1422 excerptae
1204 1340 1270 1402 sint

127 1459 166 1505 ex
189 1442 366 1506 veteribus
390 1441 518 1522 lexicis,
547 1447 659 1524 sponte
682 1459 720 1504 ao
743 1439 877 1504 oonsilio
901 1441 1140 1525 segregavimus
1163 1462 1182 1506 a
1205 1442 1269 1507 dis-

128 1545 296 1627 putatione
322 1549 443 1626 nostra,
472 1545 592 1627 quippe
620 1544 741 1625 quain
765 1541 883 1608 Suidae
911 1543 1124 1626 codicumque
1147 1547 1270 1610 Aristo-

128 1646 336 1730 phaneorum
360 1648 517 1711 rationem
541 1646 729 1728 inquiratur.
765 1645 893 1710 Glosses
920 1649 1028 1711 autem
1052 1647 1271 1732 lexicographi

128 1749 166 1813 ad
198 1751 438 1835 Aristophanis
473 1747 597 1814 fabulas
632 1751 830 1834 pertinentes
864 1751 1044 1832 quaestioni
1078 1751 1271 1836 subiungam

129 1855 173 1918 iia
194 1855 346 1936 quidem,
375 1860 412 1918 ut
434 1855 577 1937 primum
604 1871 656 1917 eas
679 1852 840 1936 proteram
863 1852 1093 1936 adnotationes
1122 1874 1205 1936 quae
1229 1875 1270 1920 ex

131 1958 241 2024 oodioe
270 1956 518 2040 Aristophaneo
548 1955 677 2020 scholiis
708 1957 866 2021 instructo
899 1955 1078 2040 descriptae
1110 1957 1270 2042 videntur,

132 2060 248 2126 deinde
281 2080 340 2126 eos
362 2060 452 2124 locos
476 2065 614 2141 enotem,
642 2058 698 2123 ubi
721 2057 854 2124 Suidam
881 2077 922 2123 ax
946 2066 1090 2124 ratarum
1114 2080 1271 2144 gramma

132 2165 273 2229 tioorum
299 2163 390 2226 libris
415 2163 561 2226 hausisse
584 2162 682 2226 ceteri
705 2163 761 2244 qui
780 2162 819 2225 ad
839 2181 898 2226 nos
913 2169 1133 2245 pervenerunt
1150 2163 1271 2228 lexico·

133 2268 244 2352 graphi
262 2271 432 2333 testantur.
456 2265 512 2330 Sic
530 2265 615 2330 enim
639 2267 667 2329 si
686 2265 760 2346 quis
776 2265 864 2330 hunc
877 2265 1022 2329 libellum
1039 2265 1132 2348 leget,
1148 2267 1272 2331 Aristo·

134 2370 249 2454 phanis
274 2369 361 2455 apud
377 2369 511 2435 Suidam
534 2368 686 2451 reliquias
702 2368 797 2434 facile
813 2389 851 2433 ao
867 2369 1033 2434 commode
1049 2368 1137 2433 adire
1156 2369 1273 2452 poterit

136 2475 255 2558 stipsi
278 2474 458 2556 unicuique
484 2473 557 2536 voci
581 2491 599 2536 e
623 2471 741 2536 Suidae
764 2471 869 2537 lexico
893 2473 927 2534 in
952 2471 1174 2536 dissertatione
1199 2492 1272 2556 pro·

134 2575 218 2642 latae
230 2578 368 2661 glossam
382 2597 475 2640 suam
488 2575 606 2640 addere
619 2573 875 2659 supersedemus.
898 2573 947 2639 De
960 2577 1029 2659 ipso
1043 2595 1118 2640 vero
1128 2575 1272 2640 locorum

137 2681 244 2745 indice
261 2681 323 2745 hoc
340 2679 541 2745 monendum
557 2685 613 2760 est,
637 2680 664 2742 si
682 2697 763 2760 quos
778 2697 891 2743 versus
905 2679 1154 2762 Aristophanaos
1170 2679 1272 2762 expli-

138 2784 255 2848 cationi
286 2783 444 2847 lemmatis
479 2779 602 2844 addidit
630 2781 890 2864 lexicographuS‚
922 2800 975 2846 eos
1003 2781 1147 2846 numeris
1175 2781 1273 2845 latius

138 2885 301 2970 dispositis
326 2885 519 2969 conspicuos
543 2902 613 2948 esse
636 2883 785 2948 redditos.

223 2989 322 3053 Iuvat
345 2988 487 3071 denique
503 2985 621 3051 Suidae
641 2991 874 3070 excerptum,
890 3006 973 3069 quae
992 2987 1033 3050 ad
1048 2987 1272 3070 Aristophanis

138 3091 263 3156 tabulas
279 3093 454 3175 pertinent,
480 3109 637 3154 summam
660 3091 848 3155 subducere.
872 3089 966 3154 Locis
991 3092 1077 3155 3273
1103 3091 1272 3155 universae

139 3195 292 3260 undecim
315 3193 503 3259 comoediae
527 3213 546 3256 a
568 3192 666 3257 Suida
689 3193 913 3276 proferuntur:

139 3373 204 3428 Aah.
215 3373 271 3428 386
280 3371 348 3428 locis
357 3373 451 3443 iisque
462 3369 518 3424 354
527 3387 562 3426 ex
572 3371 632 3426 cod.
643 3371 730 3427 schol.
741 3371 888 3438 instructo,
898 3371 933 3426 32
944 3387 979 3425 ex
988 3375 1043 3425 ret.
1051 3371 1104 3425 lex.
1116 3371 1272 3441 descriptis.

140 3464 189 3516 AV·
217 3462 273 3516 ⁴10
307 3504 322 3530 i!
395 3504 411 3532 ii
459 3461 516 3516 384
539 3502 554 3529 ’ἃ
592 3503 608 3529 il
676 3503 691 3530 li
809 3503 824 3530 ii
897 3461 933 3515 26
955 3502 971 3530 il
1009 3503 1024 3528 ii
1069 3503 1085 3529 ii
1186 3502 1201 3528 ii

141 3553 187 3606 Ec*
219 3552 271 3606 197
307 3593 321 3620 Η
395 3595 412 3622 Η
464 3550 518 3606 178
541 3592 556 3618 ll
595 3592 610 3618 ii
675 3592 690 3619 li
808 3593 823 3620 Ji
899 3551 933 3605 19
956 3592 971 3619 Π
1011 3592 1025 3618 il
1069 3593 1084 3619 li
1186 3593 1191 3618 l

141 3641 189 3710 Eq'
218 3641 271 3696 ⁴66
306 3684 320 3710 ll
394 3685 411 3711 ii
462 3640 518 3695 43⁰
542 3682 557 3708 li
595 3681 611 3708 li
676 3682 692 3710 ii
809 3684 825 3710 ll
899 3640 934 3695 36
957 3681 972 3710 il
1011 3682 1026 3710 il
1070 3682 1084 3708 ll
1195 3681 1201 3708 l

142 3731 186 3786 h·
219 3730 271 3785 m
305 3775 320 3803 59
395 3774 412 3802 Π
466 3729 520 3784 184
543 3772 557 3798 ll
596 3773 611 3798 ii
676 3771 692 3800 9,
810 3773 825 3800 tl
899 3731 933 3784 22
958 3772 973 3799 ll
1012 3769 1027 3798 θ’
1070 3771 1085 3798 il
1186 3771 1192 3797 i

143 3821 193 3876 nb·
219 3821 270 3875 ⁴18
305 3865 319 3892 n
395 3865 412 3892 er
464 3819 558 3890 381„
597 3860 612 3888 a·
677 3861 692 3890 rr
810 3861 826 3888 rr
899 3819 934 3873 37
957 3861 972 3888 n
1012 3861 1027 3888 rr
1070 3861 1085 3887 υ
1186 3860 1201 3886 rr

143 3909 188 3965 pc·
220 3911 269 3964 255
303 3955 318 3982 rr
395 3953 412 3980 rr
464 3907 520 3962 223
544 3950 559 3979 rr
598 3951 612 3977 rr
678 3951 693 3978 rr
811 3951 826 3976 rr
900 3909 934 3962 32
957 3950 973 3976 rr
1011 3950 1027 3975 ra
1071 3951 1086 3976 rr
1188 3950 1202 3976 rr

142 3999 181 4054 Pl'
219 4001 267 4056 259
301 4046 315 4072 rr
395 4044 412 4071 rr
544 4039 559 4067 rr
599 4041 613 4066 n
678 4042 694 4069 υ
812 4040 826 4066 n
901 3998 935 4053 19
958 4039 973 4066 rr
1012 4039 1028 4066 rr
1071 4039 1086 4066 a
1188 4039 1202 4066 n

678 4131 684 4157 a
729 4109 732 4116 ’
812 4129 827 4156 rr
900 4088 935 4142 29
958 4129 973 4157 rr
1012 4129 1027 4155 rr
1071 4129 1086 4156 rr
1188 4127 1203 4154 rr

678 4221 693 4248 rr
810 4218 826 4246 rr
901 4177 935 4232 16
958 4219 973 4246 rr
1012 4219 1028 4246 ra
1071 4219 1087 4245 rr
1188 4217 1203 4244 rr

678 4311 693 4338 rr
811 4308 826 4336 rr
900 4265 935 4320 63
959 4308 974 4334 rr
1013 4308 1028 4335 rr
1071 4309 1086 4336 rr
1188 4305 1194 4332 r
