3308 4938
148 416 341 486 Quaestiones
351 415 557 473 Tertullianeae
571 417 608 473 ad
617 417 719 472 librum
730 417 873 474 Adversus
883 419 1011 475 Praxean
1022 421 1204 490 pertinentes.
1240 415 1281 476 41

151 589 275 670 deum,
293 608 335 654 ex
352 587 411 653 deo
425 589 513 670 dena,
530 591 605 672 quia
619 609 701 654 cum
713 593 851 674 patrea
867 597 956 675 patre
972 593 1109 674 tradem:
1127 592 1184 657 sed
1199 593 1284 677 apud

154 691 259 774 deum,
276 693 353 774 quia
366 711 407 755 ax
420 691 480 756 deo
494 692 583 774 deus
599 693 674 775 quia
688 713 762 757 curu
774 697 871 777 patre,
889 695 973 778 apud
985 701 1116 778 patrem.
1132 695 1201 760 Kr:
1218 695 1284 778 sed,

151 795 227 878 quala
245 815 288 860 en
305 795 465 877 deodatus,
481 795 566 880 apud
579 796 685 876 deum,
702 797 777 880 quia
790 816 864 860 cum
877 801 975 880 patre,
991 795 1077 880 apud
1089 799 1232 883 patrem).
1250 801 1287 863 et

152 897 321 962 vidimus
337 898 497 982 gloriam
516 900 613 981 eiua,
630 905 818 982 tamquam
830 901 1052 984 unigenitia
1064 902 1190 984 patre’.
1215 901 1287 968 Hac

151 1001 314 1065 sententia
326 1001 538 1065 confirmatur
550 1001 646 1086 ‘apud
658 1003 792 1086 patrem'
804 1002 992 1066 mutandum
1006 1022 1076 1068 esse
1088 1004 1123 1066 in
1136 1004 1166 1067 ‘a
1176 1003 1286 1088 patre'‚

154 1105 192 1168 ci.
205 1105 263 1168 hv.
274 1103 367 1167 Ioh.I
387 1105 427 1166 14
440 1107 527 1182 παρὰ
538 1106 666 1182 πατρός.
687 1106 860 1170 Vertamus
872 1106 906 1168 in
917 1105 1074 1170 Graecum
1089 1125 1284 1171 sermonem:

152 1206 250 1273 οὗτος
270 1208 288 1271 6
303 1208 400 1282 λόγος
415 1210 477 1286 πρὸ
489 1213 545 1285 τῆς
558 1210 673 1286 ςαρκὸς
691 1209 725 1272 ἐν
739 1209 817 1292 ἀρχῇ
831 1210 869 1286 ἠν
882 1212 964 1288 πρὸς
977 1210 1034 1273 τὸν
1051 1209 1182 1274 θεόν-
1194 1209 1254 1288 οὐχ
1267 1207 1286 1272 6

154 1313 226 1376 θεὸς
242 1314 325 1390 πρὸς
338 1313 397 1375 τὸν
413 1312 522 1386 λόγον.
542 1311 566 1374 εἰ
577 1313 637 1389 γὰρ
651 1313 700 1376 καὶ
713 1315 787 1377 θεὸς
798 1313 837 1390 ἠν
848 1313 866 1375 6
879 1313 987 1393 λόγος,
1003 1311 1068 1376 ἀλλ’
1080 1312 1128 1377 ὅτι
1138 1309 1218 1390 πρὸς
1228 1309 1286 1376 τὸν

153 1416 240 1492 θεόν,
254 1415 288 1477 ἐκ
300 1417 359 1478 τοῦ
373 1418 451 1479 θεοῦ
466 1416 548 1494 θεός,
561 1415 612 1479 καὶ
624 1413 669 1480 ὅτι
682 1417 738 1480 cuv
750 1421 794 1498 τῷ
807 1417 909 1496 πατρί,
922 1417 1008 1494 παρὰ
1018 1419 1077 1480 τοῦ
1089 1415 1217 1494 πατρὸς.
1237 1416 1287 1478 καὶ

154 1519 349 1594 έθεοςάμεθα
358 1519 414 1594 τὴν
427 1519 525 1583 δόξαν
535 1518 649 1600 αὐτοῦ,
673 1519 773 1584 δόξαν
785 1519 829 1583 ὡς
841 1522 1040 1595 μονογενοῦς
1055 1519 1142 1596 παρὰ
1156 1518 1286 1596 πατρὸς.

154 1619 231 1682 ‘non
248 1625 339 1702 pater
354 1619 439 1702 apud
455 1621 646 1685 sermonem’
662 1621 961 1701 (anatra-2610>
973 1621 1176 1705 parenthesis
1188 1639 1286 1704 quac-

156 1721 228 1785 dam
244 1728 300 1802 est,
316 1741 379 1803 qua
391 1721 606 1788 Tertullianus
622 1725 750 1808 saepius
763 1725 872 1789 utitur.
892 1725 974 1789 Nam
991 1727 1081 1807 quasi
1098 1745 1155 1808 per
1170 1743 1285 1808 paren·

157 1827 262 1890 thesin
281 1824 388 1890 dicere
406 1825 475 1890 vult
490 1827 569 1910 ipsis
586 1827 692 1892 verbis
709 1831 758 1892 καὶ
775 1829 793 1892 6
811 1830 907 1902 λόγος
923 1829 962 1905 ἠν
974 1823 1053 1906 πρὸς
1071 1825 1127 1892 τὸν
1144 1829 1220 1892 θεόν
1237 1829 1286 1890 in-

157 1929 260 1993 dicari
273 1930 348 1994 θεὸν
361 1949 432 1993 esse
445 1931 557 2012 maine,
569 1931 778 2014 principalem
793 1931 965 1994 notionem.
989 1929 1050 1995 His
1061 1931 1125 1994 ianr
1138 1931 1288 1994 nituntur

157 2033 341 2115 sequentia:
362 2033 422 2096 etsi
439 2031 518 2096 deus
535 2041 583 2097 est
600 2037 737 2116 (sermo),
757 2039 880 2098 tautum
901 2033 980 2097 deus
1000 2037 1056 2115 est
1076 2033 1151 2116 quia
1168 2053 1210 2098 ex
1227 2034 1286 2097 deo

159 2136 330 2219 principali
342 2135 530 2218 prodiit3'cl
540 2137 757 2220 parenthesim
769 2141 897 2201 nostrae
910 2136 1103 2200 simillimam
1116 2137 1194 2204 noll
1200 2137 1286 2199 1-2

158 2235 347 2320 (Mil-bh
364 2238 457 2302 ‘alius
474 2258 578 2304 sermo
596 2239 656 2320 dei,
673 2240 755 2304 alius
773 2239 860 2322 dene,
877 2277 919 2286 -
936 2239 1013 2303 licet
1028 2241 1061 2303 et
1075 2257 1180 2304 sermo
1198 2239 1287 2320 deus,

159 2340 216 2405 sed
236 2360 298 2423 qua
319 2339 371 2405 dei
389 2341 487 2422 filius,
511 2361 576 2406 non
596 2363 660 2426 qua
677 2350 768 2427 pater
787 2345 849 2407 -'.
880 2343 1108 2424 Kroymannus
1129 2362 1200 2406 cum
1221 2361 1287 2405 non

160 2445 1287 2529 cognovissettotamargumentationempositamesseinconiunctione

160 2547 304 2612 locorum
321 2548 336 2610 l
353 2548 448 2611 lohl
468 2551 500 2612 et
515 2549 572 2612 liv.
589 2549 655 2613 loh.
672 2550 687 2612 l
706 2551 722 2612 1
740 2569 817 2633 sqq„
833 2570 898 2614 non
914 2549 1083 2631 intellexit,
1100 2555 1179 2631 quot
1191 2547 1290 2612 verba

159 2651 224 2714 sint
247 2671 288 2715 ex
312 2653 449 2734 utroque
469 2651 605 2715 laudata.
635 2651 727 2729 Quod
752 2653 779 2716 si
799 2653 998 2737 cognoveris
1018 2671 1129 2716 omnes
1149 2671 1166 2716 ο
1183 2650 1289 2716 medio

161 2754 242 2818 latae
263 2761 357 2818 erunt
375 2753 592 2820 difficultates,
615 2793 655 2802 -
676 2756 742 2819 Iam
763 2775 946 2840 pergamus:
967 2759 1004 2819 ut
1023 2754 1198 2838 distinguat
1216 2775 1291 2838 apo-

160 2857 261 2920 stolus
284 2858 369 2922 iuter
391 2857 585 2923 invisibilem
605 2863 727 2942 patrem
746 2861 778 2923 et
798 2859 955 2923 visibilem
974 2858 1090 2940 lilium,
1113 2857 1291 2940 superdicit

160 2980 201 3025 ex
232 2960 424 3025 abundanti:
457 2961 569 3026 ‘deum
599 2983 693 3027 nemo
726 2961 806 3026 vidit
835 2964 1010 3046 unquam’;
1043 2981 1138 3045 quem
1170 2962 1290 3026 deum?

161 3066 366 3128 sermonem?
394 3065 522 3146 atquin:
547 3065 702 3130 ‘vidimus
730 3073 763 3130 et
786 3066 1056 3130 contrectavimus
1080 3065 1119 3128 de
1143 3083 1291 3128 sermone

163 3168 261 3232 vitae’
279 3167 477 3251 praedictum
499 3173 554 3232 est.
575 3167 632 3233 sad
652 3189 750 3251 quem
769 3167 889 3233 deum?
905 3169 1031 3233 scilicet
1048 3171 1187 3252 patrem:
1208 3167 1291 3230 ἀλλὰ

162 3272 230 3335 τίνα
254 3271 347 3346 θεόν;
371 3274 492 3351 πατέρα
511 3273 670 3350 δηλονότι.
701 3271 790 3336 Deus
808 3273 908 3354 igitur
926 3271 1098 3334 invisibilis
1122 3273 1178 3351 est,
1202 3271 1291 3332 visus

163 3377 213 3438 est
243 3373 294 3438 dei
325 3393 442 3456 sermo,
478 3377 534 3457 qui
564 3395 638 3438 caro
668 3375 774 3439 iaetus
807 3378 856 3438 est
887 3373 1066 3438 secuudum
1096 3373 1290 3440 Iohannem:

163 3477 236 3541 ‘etsi
267 3473 356 3558 (ubet
365 3473 580 3559 13-23t11)
612 3479 691 3542 deus
722 3497 841 3558 sermo,
873 3476 930 3541 sed
961 3478 1037 3559 quia
1067 3475 1152 3559 apud
1182 3475 1292 3558 deum,

162 3599 203 3644 ex
236 3579 296 3644 deo
327 3579 419 3662 deae,
453 3581 529 3663 quia
561 3601 635 3646 cum
668 3585 756 3664 patre
789 3601 807 3644 a
839 3580 952 3664 patre'.
995 3581 1100 3644 Aeute
1132 3579 1292 3642 Iohannes

162 3682 333 3766 distinguit
362 3684 448 3748 inter
475 3683 669 3748 invisibilem
697 3687 820 3768 patrem
848 3689 881 3748 et
908 3701 1103 3763 sermonem,
1132 3681 1292 3745 visibilem

162 3786 215 3852 dei
243 3787 358 3868 fihuua,
389 3787 445 3870 qui
473 3789 523 3852 est
545 3807 564 3851 a
586 3791 684 3871 patre.
717 3787 814 3852 Nunc
844 3786 928 3851 idem
961 3786 1000 3850 de
1029 3785 1129 3849 Paulo
1160 3785 1294 3869 exponit

162 3897 291 3956 auctor:
324 3893 350 3952 1.
375 3891 417 3954 Et
439 3891 560 3955 Paulus
590 3895 802 3955 contestatur:
833 3889 913 3952 vidi
940 3889 1079 3970 Iesum,
1108 3889 1142 3952 iu
1171 3889 1293 3971 primae

162 3995 251 4058 enim
275 3993 431 4076 epistulae
454 3993 495 4058 ad
519 3994 588 4058 Oor.
606 3993 656 4058 IX
675 3997 690 4056 1
716 3993 870 4077 legimus:
901 3992 972 4072 οὺχὶ
996 3987 1147 4074 (Χριςτὸν)
1170 3991 1293 4069 Ἰηςοῡν

161 4094 221 4162 τὸν
240 4098 349 4175 κύριον
368 4099 456 4176 ἡμῶν
478 4099 619 4176 ἑώρακα;
646 4099 674 4160 2.
699 4097 742 4162 ‘et
765 4097 876 4180 ipso’1)
899 4098 948 4179 (ut
965 4095 1136 4176 Iohannes)
1159 4095 1294 4158 testatur

257 4243 277 4312 ¹)
296 4244 333 4298 ‘et
351 4243 426 4312 ipse'
445 4243 614 4298 servandum
638 4246 689 4310 est,
713 4259 775 4298 cum
801 4243 904 4298 Paulus
928 4241 966 4296 ibi
984 4240 1104 4296 Iohanni
1127 4243 1293 4310 opponatur,

162 4335 193 4384 et
212 4329 280 4400 quia
299 4329 451 4397 respondet
469 4329 599 4399 sequenti
619 4330 655 4383 ‘et
674 4329 752 4398 ipse’.
