3406 4786
164 336 308 407 Epistulae
321 334 477 390 amatoriae
490 333 631 403 quomodo
643 333 816 389 cohaereant
828 347 892 387 cum
906 330 1004 402 elegiis
1017 329 1224 385 Alexandrinis.
1255 323 1296 385 73

256 507 402 572 Alteram
414 505 598 590 explicandi
614 505 770 569 rationem
787 523 885 587 supra
896 505 936 587 (p.
952 504 990 566 11
1000 511 1057 585 sq.)
1073 503 1136 566 iarn
1148 501 1298 565 vidimus.

164 611 278 676 Potuit
293 610 379 673 enim
394 609 468 673 fieri
485 611 517 673 91
530 609 653 674 iactum
668 611 726 690 est,
741 610 779 672 ut
794 606 1040 691 epistolographi
1053 611 1110 670 aut
1123 605 1299 689 elegiarum

165 716 341 799 scriptores
369 712 473 778 isdem
500 711 645 776 fontibus
673 715 769 794 atquc
797 709 1141 795 epigrammatographi
1170 711 1299 773 uteren-

165 822 237 895 tur3
266 837 341 881 nam
364 816 567 900 epigramma,
595 817 632 879 ut
655 813 804 896 vidimus,
832 814 962 897 saepius
988 812 1134 895 longiora
1158 812 1300 876 caunina

165 922 410 986 narrationesve
438 919 473 982 in
501 919 599 982 breve
631 916 761 983 redacta
783 915 923 1001 praebet.
958 916 1049 980 Inter
1076 916 1218 980 carmina
1245 914 1300 978 illa

167 1024 288 1108 elegias
304 1040 432 1105 quoque
448 1022 549 1085 fuisse
565 1058 607 1067 —
624 1021 652 1084 si
668 1020 818 1103 ambiguo
834 1020 896 1084 hoc
911 1018 1009 1084 verbo
1025 1020 1074 1084 uti
1086 1020 1135 1083 ris
1147 1055 1190 1066 -
1202 1037 1301 1101 supra

167 1126 368 1191 ostendimus
392 1125 513 1208 (pil),
537 1143 611 1188 cum
635 1123 675 1186 de
694 1122 856 1207 Propertii
875 1122 979 1206 elegia
1001 1122 1063 1205 13.
1086 1122 1180 1187 Pauli
1199 1122 1301 1187 Silen-

167 1229 255 1294 tiarii
278 1227 408 1291 Anthol.
424 1227 491 1291 Pal.
508 1226 538 1287 V
555 1227 629 1308 275,
648 1224 771 1307 Hedyli
787 1225 917 1290 Anthol.
934 1225 999 1289 Pal.
1016 1225 1047 1287 V
1065 1227 1127 1289 199
1144 1227 1301 1309 epigram·

168 1332 264 1395 matis
287 1329 384 1394 verba
407 1329 597 1394 faceremus,
630 1327 693 1392 Sed
716 1328 778 1391 alia
801 1347 928 1411 quoque
949 1328 1093 1392 carniina
1112 1330 1147 1392 iu
1169 1347 1302 1393 censum

169 1435 315 1516 veniunt,
329 1452 372 1497 99
389 1433 496 1497 statim
512 1433 620 1496 omnia
635 1434 823 1515 argumenta
839 1430 993 1496 adunam
1009 1450 1143 1497 revoces
1159 1432 1301 1516 elegiam.

259 1541 334 1606 Non
357 1541 450 1604 aliter
472 1539 681 1604 iudicandum
705 1541 763 1620 991,
786 1559 861 1602 oum
885 1539 1006 1622 elegiae
1029 1539 1246 1604 Romanorum
1271 1544 1304 1606 et

171 1645 327 1729 epistulae
346 1645 519 1708 amatoriae
538 1644 624 1706 inter
646 1662 681 1707 se
705 1648 770 1706 tam
792 1647 860 1706 arte
884 1644 1099 1725 consentiunt,
1123 1644 1160 1707 91
1183 1663 1237 1708 eas
1261 1663 1302 1708 ex

171 1747 287 1812 eodem
302 1747 392 1811 fonte
409 1746 568 1810 derivatas
585 1764 656 1810 esse
675 1745 882 1808 manifestum
899 1746 949 1808 sit.
973 1745 1056 1809 Nam
1080 1765 1121 1810 ex
1146 1765 1192 1829 99,
1217 1746 1302 1829 quod

170 1852 295 1935 elegiae
314 1853 346 1916 et
365 1850 520 1933 epistulae
540 1849 623 1913 bene
642 1849 728 1913 inter
746 1867 781 1912 se
801 1850 1016 1931 consentiunt,
1035 1848 1179 1913 nondum
1196 1850 1303 1933 colligi

171 1958 277 2038 potest
299 1954 482 2018 communia
501 1953 699 2036 exemplaria
717 1952 836 2035 elegias
856 1951 1093 2016 Alexandrinas
1112 1952 1223 2036 191999,
1247 1952 1303 2018 sed

171 2058 300 2142 probari
317 2077 449 2122 necesse
462 2062 510 2122 est
521 2057 648 2120 nullum
660 2056 760 2120 alium
771 2057 894 2120 iontem
907 2056 970 2118 nisi
984 2076 1113 2120 carmen
1126 2055 1304 2140 elegiacum

171 2158 431 2225 Alexandrinum
455 2160 541 2224 inter
563 2159 716 2243 epistulas
735 2161 767 2222 91
786 2159 904 2241 elegias
923 2158 1125 2224 intercedere
1144 2179 1246 2243 posse.

263 2267 370 2346 Atque
390 2263 471 2328 haec
495 2262 626 2345 quidem
650 2262 683 2325 in
703 2263 893 2326 universum
911 2261 1085 2345 praefanda
1104 2262 1304 2347 videbantur,

172 2369 363 2452 priusquam
382 2367 649 2447 examinaremus
666 2385 743 2428 num
761 2364 898 2448 singulis
914 2365 1099 2430 Philostrati
1116 2369 1148 2430 et
1163 2368 1306 2433 Aristae-

172 2472 242 2537 neti
263 2470 409 2553 epistulis
428 2475 516 2534 recte
532 2470 585 2532 991
603 2469 668 2532 9191
683 2468 744 2531 9191
761 2466 848 2532 (19911
864 2467 905 2531 ad
925 2468 1045 2551 elegias
1061 2470 1305 2552 recuperandas.

173 2574 308 2639 Initium
332 2593 456 2636 sumam
484 2571 612 2636 abillis
640 2571 795 2655 epistulis,
823 2591 906 2654 quae
934 2591 1008 2635 cum
1032 2571 1207 2636 comoediis
1231 2593 1306 2638 con·

173 2678 327 2743 99911991

174 2877 336 2946 Sequuntur
349 2876 486 2945 exempla,
506 2891 625 2946 quorum
637 2893 724 2932 unum
744 2877 871 2946 (Anienis
890 2882 917 2933 et
931 2879 999 2934 11199
1011 2878 1046 2933 17
1057 2883 1128 2948 sqq.)
1146 2879 1307 2935 accuratius

175 2966 334 3016 enarratur.
360 2960 469 3016 Similia
480 2962 611 3031 leguntur
623 2961 653 3016 in
665 2961 784 3018 Achillis
796 2962 868 3019 Tatii
882 2963 978 3018 1919919
991 2964 1154 3018 romanensi
1167 2964 1178 3018 1
1192 2964 1233 3032 18,
1252 2980 1307 3033 999

174 3046 239 3101 1999
259 3045 293 3100 de
312 3061 409 3100 amore
421 3045 579 3102 Arethusae
592 3051 620 3101 et
632 3047 731 3116 Alphei
744 3047 900 3114 disseritur,
914 3064 1035 3118 quocum
1048 3049 1211 3104 9991999199
1222 3049 1308 3103 velim

175 3131 317 3185 Himerius
343 3130 421 3199 (orat.
442 3131 510 3200 18),
536 3132 642 3187 Statius
669 3133 769 3201 (silvae
792 3134 803 3187 l
823 3134 848 3201 2,
868 3134 1013 3203 203999),
1036 3134 1191 3189 Menander
1213 3135 1308 3189 rhetor

175 3217 301 3287 (Rhetor.
314 3232 405 3284 graec.
418 3217 455 3270 lX
474 3234 500 3286 p.
514 3217 657 3271 267-268
676 3217 827 3287 99191919).
856 3216 896 3272 Cf.
913 3218 1173 3285 11911999919191999,
1191 3217 1307 3274 Hermes

177 3303 213 3356 35
232 3301 324 3371 (1900)
344 3318 369 3370 p.
384 3302 419 3355 92
438 3302 533 3356 adnot.
547 3303 573 3356 3.
585 3302 611 3356 4.
638 3303 717 3357 Hanc
736 3302 821 3372 igitur
840 3303 1011 3357 senteutiam
1030 3303 1067 3358 ab
1086 3302 1185 3358 Ovidio
1205 3308 1254 3358 991
1273 3321 1309 3358 ex

177 3385 368 3454 epithalamiis
382 3390 431 3441 aut
442 3404 477 3442 ex
486 3388 600 3442 eroticis
610 3387 690 3442 libris
700 3392 841 3456 sumptam
854 3387 967 3442 dixeris.
980 3387 1126 3455 Quomodo
1137 3403 1172 3441 ex
1180 3388 1308 3458 longiore

178 3469 270 3538 elegia
292 3470 474 3526 Alexandrini
499 3473 636 3542 Antiphili
663 3474 836 3542 epigramma
860 3477 952 3527 ortum
976 3473 1021 3539 sit,
1044 3488 1128 3526 nemo
1148 3473 1307 3542 explicabit.

178 3554 285 3610 Contra
312 3555 394 3611 199119
418 3558 586 3627 perspicitur
608 3558 697 3614 trihus
721 3557 851 3612 Ovidium
880 3557 1004 3612 lontibus
1028 3557 1081 3625 uti,
1108 3557 1308 3627 epigrammate

177 3639 285 3695 scilicet
297 3640 442 3710 Antiphili,
461 3643 568 3698 9991199
581 3643 629 3698 1119
646 3643 726 3714 111999,
743 3645 874 3699 Romano
887 3644 1022 3711 carmine,
1035 3644 1110 3715 quod
1123 3644 1229 3699 exitum
1241 3644 1308 3699 Iliae

178 3725 322 3780 narrabat.
351 3727 497 3783 Proiectus
516 3730 592 3782 certe
611 3733 654 3783 est
673 3728 708 3783 de
727 3728 943 3798 epigrammate;
963 3728 1120 3784 orationem
1138 3728 1175 3783 ad
1193 3728 1309 3783 fluvium

178 3808 306 3864 habitam
329 3811 408 3879 operi
431 3829 483 3868 suo
507 3812 642 3883 adaptare
664 3817 791 3879 conatur,
814 3829 930 3880 memor,
956 3813 985 3867 ni
1009 3813 1100 3880 191199,
1124 3813 1211 3867 etiam
1234 3813 1310 3881 apud

177 3894 386 3952 Alexandrinos
405 3903 504 3967 poetas
523 3899 593 3954 deos
611 3899 656 3954 vel
669 3900 772 3953 heroas
791 3899 909 3953 flumina
921 3898 1026 3968 alloqui
1044 3897 1091 3967 (oi.
1105 3897 1308 3953 Callimachum

178 3980 279 4050 119999.
299 3979 333 4034 111
347 3982 489 4054 109999).
511 3983 566 4038 Sed
579 3984 710 4039 oratoriis
723 3983 832 4039 artibus
844 3984 931 4038 utitur
951 3983 980 4037 in
993 3981 1157 4052 ethopoeia;
1177 3982 1220 4049 91,
1239 3997 1308 4052 999-

178 4069 264 4124 modo
282 4068 398 4124 inutiles
416 4085 515 4138 preces
531 4099 567 4109 —
584 4085 651 4124 narn
668 4070 768 4136 919199,
787 4069 835 4139 991
848 4068 997 4136 expectat,
1010 4066 1077 4122 dum
1091 4066 1195 4122 defluat
1208 4067 1310 4122 amnis'

179 4154 209 4208 in
221 4153 403 4224 proverbium
417 4155 527 4210 abierat
538 4154 582 4223 (cl.
593 4155 702 4211 Horatii
715 4155 795 4224 epist.
805 4155 816 4208 1
826 4154 907 4224 2,12)
923 4183 956 4192 -
969 4153 999 4206 19
1012 4152 1141 4208 99991919
1155 4156 1310 4207 convertat.

178 4247 258 4314 Toto,
278 4240 354 4313 quod
372 4243 461 4310 aiunt,
481 4241 560 4297 caelo
579 4242 649 4297 haec
667 4241 770 4296 absunt
782 4255 800 4295 a
812 4245 939 4295 veterum
953 4238 1109 4293 carminum
1122 4237 1309 4309 simplicitate.
