3308 4938
175 428 359 498 Quaestiones
368 429 573 485 Tertullianeae
585 428 623 484 ad
636 429 739 484 librum
750 429 895 486 Adversas
905 431 1033 486 Praxean
1042 431 1225 500 pertinentes.
1258 426 1301 488 39

175 605 230 666 est
274 599 454 666 Obscurum
486 599 568 665 illud
596 600 752 666 ‘mirarer’
783 601 865 666 bene
893 601 1032 666 Ursinus
1063 602 1192 668 videtur
1220 604 1301 667 mihi

173 707 313 770 mutasse
336 706 371 768 in
394 704 486 768 ‘mira
509 724 571 770 ree.
588 755 594 768 .
611 755 618 768 .
635 705 653 768 ‚³

262 808 336 873 XV.
358 808 523 873 Transiert
538 806 654 873 deinde
670 811 783 872 auctor
797 807 882 872 hauc
897 807 1106 891 explicandae
1122 809 1300 892 scriptume

173 913 343 994 rationem,
373 931 470 994 quam
499 931 518 974 a
547 911 683 976 Philone
713 913 770 975 aut
800 913 886 974 certe
917 909 1110 976 Iudaeorum
1143 911 1300 996 theologis

173 1013 343 1096 didicerat,
376 1013 416 1077 ed
446 1033 567 1077 novum
596 1015 838 1095 testamentum,
869 1017 907 1077 ut
936 1013 1031 1078 etin
1060 1013 1236 1098 evangeliis
1268 1019 1300 1079 et

173 1116 256 1201 apud
275 1116 434 1201 apostolos
451 1117 549 1181 deum
571 1119 604 1180 et
621 1115 782 1181 visibilem
802 1119 834 1181 et
852 1115 1047 1181 invisibilem
1067 1116 1299 1200 deprehendet;

171 1221 332 1286 Iohannes
364 1219 465 1284 dixit:
500 1219 612 1284 deum
645 1239 753 1284 nemo
787 1219 887 1283 vidit
921 1239 1103 1303 unquam,
1137 1219 1298 1303 apostolus

173 1325 309 1389 Paulus:
341 1343 453 1407 quem
480 1343 588 1388 nemo
616 1323 717 1387 vidit
744 1323 950 1404 hominnm,
978 1323 1043 1387 scd
1071 1342 1141 1387 nec
1165 1321 1299 1388 videre

171 1429 306 1511 potest
336 1425 430 1492 ‘idem
464 1427 526 1510 ipsi
557 1421 856 1509 (253l17-2at24)
886 1425 1021 1510 apostoli
1051 1429 1083 1491 et
1113 1425 1232 1490 vidisse
1262 1444 1297 1491 se

173 1531 336 1596 Christum
360 1533 392 1594 et
410 1533 626 1596 contrectasse
642 1533 810 1595 testantur.
840 1551 936 1614 porro
955 1531 984 1594 si
998 1531 1067 1614 ipse
1087 1534 1135 1596 est
1152 1530 1298 1595 Christus

173 1640 204 1699 et
225 1641 318 1718 pater
340 1637 373 1698 et
395 1634 495 1716 iilius,
524 1633 684 1716 quomodo
714 1637 747 1699 et
769 1635 860 1698 visus
884 1637 934 1698 est
956 1637 988 1698 et
1009 1635 1135 1698 invisus
1143 1635 1170 1698 l'
1203 1633 1299 1698 Dicet

172 1738 288 1820 uliquis
313 1736 452 1802 eundem
474 1743 597 1822 petrem
616 1737 813 1802 invisibilem
837 1757 908 1802 esse
932 1741 1006 1802 ante
1030 1756 1167 1820 carnem,
1192 1737 1300 1819 quiet

171 1841 262 1904 iilius
289 1840 426 1904 visibilis
448 1841 484 1903 in
508 1860 613 1905 carne.
646 1839 709 1905 Sed
732 1860 806 1904 cum
835 1841 929 1904 etiam
954 1843 1027 1904 ante
1056 1859 1185 1904 carnem
1208 1840 1298 1903 visus

172 1945 214 2008 sit
243 1946 373 2028 etpost
402 1963 530 2008 camena
558 1943 731 2007 invisibilis
760 1943 957 2024 nominetur,
986 1943 1068 2006 alius
1097 1961 1166 2006 esse
1194 1941 1297 2024 debet,

173 2065 266 2128 quem
290 2045 428 2129 ‘plenius
456 2044 616 2110 visibilem
648 2066 721 2110 cero
750 2046 869 2126 olfecit,
897 2065 1002 2109 sermo
1025 2045 1158 2126 scilicet,
1187 2045 1300 2127 quiet

173 2169 244 2214 caro
268 2149 373 2213 iaetus
398 2151 453 2230 est,
477 2149 569 2230 elius,
593 2169 689 2231 quem
713 2169 889 2231 numquam
913 2149 1083 2231 quisquam
1103 2147 1190 2230 vidit,
1210 2147 1297 2232 [nisi]

171 2257 260 2336 pater
280 2251 412 2333 scilicet,
435 2252 529 2316 cuius
553 2257 602 2316 est
624 2253 749 2317 sermo'.
773 2251 919 2336 Apostoli
938 2251 1089 2315 viderunt
1108 2269 1297 2334 sermonem,

172 2356 226 2438 qui
250 2357 324 2419 ante
347 2373 476 2419 carnem
496 2375 601 2419 semro
620 2358 745 2419 tentum
763 2355 849 2438 apud
867 2357 998 2438 patrem,
1022 2373 1096 2418 cero
1115 2353 1221 2418 factus
1240 2356 1296 2418 est

170 2458 228 2523 Ille
253 2477 326 2522 cum
351 2477 393 2523 cx
417 2459 477 2522 deo
501 2464 590 2522 ortus
614 2460 663 2540 sit,
688 2459 768 2523 deus
787 2458 987 2522 nominatur:

261 2560 551 2630 aselle-mlle:
581 2563 614 2625 et
635 2560 718 2639 ideo,
742 2561 893 2644 quoniam
918 2578 1098 2625 sermonem
1125 2559 1177 2624 dei
1201 2557 1297 2623 deum

172 2663 305 2746 dixerat,
334 2684 375 2729 ne
403 2664 571 2728 adiuvaret
598 2663 856 2729 adversariorum
878 2663 1180 2748 praesumptionem,
1205 2663 1298 2745 quasi

171 2771 293 2851 petrem
322 2768 429 2851 ipsum
459 2767 600 2848 vidisset,
630 2767 670 2831 ad
698 2767 962 2851 distinguendum
987 2767 1073 2830 inter
1100 2765 1297 2830 invisibilem

171 2873 293 2953 petrem
327 2874 359 2935 et
387 2871 495 2935 filium
528 2870 688 2935 visibilem
720 2872 788 2952 (20)
818 2869 996 2954 superdicit
1028 2889 1069 2936 ex
1102 2869 1295 2934 abundanti:

172 2971 281 3038 deum
304 2993 411 3038 nemo
435 2972 535 3036 vidit
556 2993 739 3056 umquam.
764 2993 861 3055 quem
880 2973 1000 3037 deum?
1024 2973 1228 3037 sermonem?
1252 2977 1298 3036 ab
1338 2995 1352 3039 5

172 3078 266 3159 quin:
304 3075 471 3140 vidimus
505 3079 542 3140 et
573 3075 793 3140 audivimus
824 3078 860 3139 et
890 3075 1221 3139 contrectavimus
1252 3075 1297 3138 de

171 3198 345 3244 sermone
372 3181 475 3244 vitae
498 3179 700 3263 praedictum
728 3181 784 3244 est
817 3178 874 3242 sed
898 3197 995 3260 quem
1023 3177 1143 3242 deum?
1172 3177 1298 3241 scilicet

170 3285 300 3365 panem,
328 3281 414 3366 apud
438 3301 535 3365 quem
564 3282 644 3346 deus
672 3284 742 3346 eret
770 3301 884 3360 senno,
913 3280 1140 3362 unigenitus
1166 3280 1296 3361 iilius,

170 3385 234 3466 qni
258 3385 384 3449 sinum
407 3386 527 3468 petris
551 3386 634 3468 ipse
658 3385 854 3448 disseruit.
879 3379 1005 3464 (aceti)
1023 3384 1093 3464 ipse
1117 3385 1149 3446 et
1167 3381 1297 3446 auditus

170 3487 202 3550 ct
228 3487 318 3550 visus
349 3489 393 3568 et,
424 3505 465 3552 ne
493 3487 682 3570 phantasma
712 3485 910 3566 crederetur,
942 3485 1040 3550 etiem
1070 3490 1295 3549 contrectatus
1325 3503 1351 3548 ιο

171 3589 257 3654 hunc
280 3595 313 3654 et
334 3589 457 3654 Paulus
482 3591 659 3674 conspexit,
682 3609 744 3654 nec
767 3593 874 3654 tamen
896 3591 1017 3672 patrem
1043 3587 1131 3651 vidit
1161 3608 1296 3670 nonne,

169 3692 283 3775 inquit,
313 3691 395 3756 vidi
416 3693 568 3758 Iesum?
600 3693 764 3758 Christum
793 3695 900 3757 autem
931 3692 1016 3770 (si>
1040 3697 1074 3756 et
1100 3693 1170 3776 ipse
1198 3691 1295 3756 deum

170 3796 421 3879 cognominavit:
443 3817 603 3878 quorum
622 3799 764 3880 petrae,
785 3798 822 3860 et
840 3814 886 3859 ex
904 3794 1044 3877 quibus
1060 3796 1104 3874 (bl
1117 3795 1296 3860 Christus

257 3991 274 4045 2
293 4007 329 4046 ne
347 3993 402 4046 R³:
422 3997 453 4046 ut
470 3991 593 4057 PMFR¹;
624 3991 826 4061 isuperadicit
842 4008 916 4060 susp.
928 3991 1004 4059 Eam
1035 3990 1053 4044 6
1070 3993 1097 4044 et
1110 3990 1296 4045 contrectavi-

168 4091 230 4131 mus
248 4092 298 4130 orn.
313 4077 345 4142 F;
383 4077 399 4131 7
418 4077 494 4131 vitae
513 4092 563 4130 orn.
584 4077 616 4143 1⁴¹3
654 4079 672 4132 8
690 4077 759 4131 dens
779 4079 839 4130 erat
857 4075 940 4145 PMF,
960 4075 1044 4130 deum
1063 4079 1124 4130 erat
1147 4076 1213 4141 Urs;
1234 4073 1297 4128 uni-

168 4161 277 4230 genitus
295 4161 456 4232 <scilicet>
472 4161 539 4228 Urs;
575 4161 593 4215 9
612 4163 659 4232 qui
678 4161 772 4216 sinum
790 4160 879 4230 patris
892 4161 941 4215 MP
959 4161 1003 4230 (cs.
1018 4161 1117 4230 23816),
1137 4159 1184 4230 qui
1204 4162 1247 4214 est
1265 4159 1295 4214 in

168 4246 231 4301 sinu
243 4247 332 4316 petris
345 4247 374 4315 P,
394 4247 440 4316 qui
454 4263 516 4302 esse
530 4247 560 4302 in
572 4248 636 4302 sinu
648 4247 736 4316 patris
752 4247 896 4312 Oebleras;
916 4245 976 4315 ipse
990 4249 1017 4300 et
1030 4245 1059 4313 P,
1079 4250 1106 4301 et
1118 4245 1179 4312 MF3
1219 4245 1252 4300 12
1271 4245 1296 4300 si

168 4333 275 4386 addidit
293 4331 353 4399 Kr;
373 4333 435 4402 ipse
453 4333 510 4400 MP,
530 4331 622 4403 ipsum
640 4333 676 4400 P;
696 4333 778 4388 deum
794 4333 858 4386 Gal:
879 4332 1023 4388 dominum
1042 4333 1120 4387 PMF.
