2872 4822
265 101 329 162 ‘244
371 108 487 163 Victor
507 107 648 176 Caulon,
668 107 856 174 Quaestiones
876 109 990 163 criticae
1010 108 1039 162 in
1058 109 1257 177 Aristophanis
1276 110 1408 164 tabulas.

355 280 480 356 Quibus
503 280 600 344 rebus
624 282 780 364 expositis
804 282 908 363 imago
933 281 1103 344 universae
1128 282 1324 345 recensionis
1351 283 1396 345 ta-

191 443 203 467 ,
264 383 412 446 bolarum
428 385 736 466 Aristophanearum
756 386 803 448 sic
825 386 892 449 lere
913 384 1131 448 adumbranda
1148 385 1242 448 nobis
1258 385 1387 449 videtur.

353 488 620 569 Antiquissimam
636 491 746 552 textus
757 489 985 571 Aristophanei
1000 489 1146 569 formam,
1165 510 1249 571 quae
1265 491 1383 571 quidem

262 594 337 662 nota
356 589 448 653 nobis
469 591 518 666 sit,
543 589 664 653 scholia
688 592 722 652 in
747 590 922 672 codicibus,
947 592 1001 672 qui
1026 590 1066 654 ad
1090 612 1149 654 nos
1169 596 1380 674 pervenerunt,

261 699 414 775 congesta
430 700 679 776 repraesentant.
705 693 965 757 Fundamentum
978 700 1084 758 autem
1098 695 1294 759 scholiorum
1307 716 1379 759 con·

262 798 453 860 mentarium
483 816 553 860 esse
584 797 670 859 circa
700 816 819 859 annum
853 798 916 859 100
946 817 975 880 p.
999 796 1069 860 Chr.
1094 818 1123 860 n.
1151 819 1170 861 a
1201 800 1379 880 Symmacho

260 901 471 983 compositum
502 900 585 963 inter
617 920 729 964 omnes
761 903 893 963 constat.
931 900 993 976 Qui
1026 901 1223 965 scholiorum
1256 903 1380 966 nucleus

260 1003 474 1086 amplificatus
509 1009 557 1086 est
590 1004 870 1085 grammaticorum
908 1003 1237 1087 interpretationibus
1280 1007 1382 1088 ltaque

258 1106 332 1170 fieri
349 1126 412 1170 non
430 1107 540 1189 potuit,
561 1109 638 1188 quin
657 1107 755 1169 variis
773 1107 969 1171 coniecturis
986 1110 1018 1170 et
1034 1108 1267 1172 mutationibus
1284 1112 1382 1172 textus

259 1208 487 1292 depravaretur
509 1211 562 1286 ita,
588 1213 623 1272 ut
646 1211 792 1273 recensio
816 1210 1053 1293 Aristophanae
1072 1209 1233 1274 diversam
1257 1232 1331 1294 prae
1352 1232 1382 1276 sc

257 1313 357 1376 ferret
379 1313 560 1396 imaginem.
600 1314 708 1395 Atque
733 1333 924 1394 quamquam
955 1312 1083 1377 codices
1112 1321 1145 1377 et
1168 1314 1324 1396 reliquiae
1347 1336 1384 1379 ex

257 1416 375 1479 fabulis
396 1417 640 1499 Aristophaneis
660 1416 779 1480 Suidae
802 1416 907 1480 lexico
927 1415 1113 1480 adservatae
1136 1420 1269 1500 propter
1292 1419 1385 1482 multa

256 1521 336 1582 vitia
364 1521 451 1582 inter
480 1538 515 1583 se
546 1519 728 1582 communia
758 1520 809 1600 (ci.
833 1519 996 1601 Buenger,
1029 1519 1077 1583 De
1107 1521 1161 1583 Ar.
1183 1519 1241 1602 Eq.
1262 1521 1314 1584 Ls.
1334 1523 1384 1584 Th.

256 1622 341 1705 apud
370 1621 457 1686 Suid.
475 1623 541 1685 rell.
565 1643 594 1705 p.
617 1624 657 1684 15
688 1627 721 1686 et
748 1621 901 1698 Kuehne,
929 1621 977 1684 De
1006 1622 1096 1685 codd.
1119 1624 1175 1704 qui
1205 1625 1259 1686 Ar.
1282 1625 1336 1688 Ec.
1357 1633 1392 1689 et

256 1726 306 1788 Ls.
325 1725 489 1807 exhibent,
514 1746 542 1808 p.
561 1727 615 1806 21)
643 1725 682 1789 ad
707 1745 808 1788 unum
833 1725 1038 1808 eundemque
1062 1726 1273 1809 archetypum
1298 1747 1392 1792 revo-

256 1828 358 1892 canda
381 1835 465 1919 sunt,
494 1833 600 1892 tamen
629 1829 674 1892 ita
700 1830 785 1892 iuter
812 1849 846 1892 se
870 1828 1062 1912 discrepant,
1090 1835 1127 1892 ut
1155 1831 1216 1893 tria
1241 1830 1390 1894 codicum

255 1952 373 2014 genera
405 1933 617 1996 discernenda
652 1933 732 1994 sint:
768 1932 907 2015 primum
942 1933 985 2012 R,
1020 1932 1158 1996 alterum
1180 1934 1220 2013 V,
1256 1936 1393 1998 tertium

256 2036 388 2100 (δ’-ΜΛ
418 2038 470 2116 (ef.
488 2057 570 2118 quae
600 2037 634 2099 in
664 2036 731 2098 fine
763 2042 781 2113 ,ξ
809 2038 846 2098 lt
879 2035 952 2098 libri
984 2037 1099 2118 prioris
1130 2035 1294 2113 diximus).
1338 2039 1392 2102 Er

256 2140 304 2202 bis
328 2146 435 2204 autern
463 2139 566 2202 tribus
594 2139 767 2222 generibus
795 2138 873 2202 illud
899 2139 1032 2202 S—llA
1056 2159 1097 2202 ex
1129 2144 1220 2203 textu
1249 2142 1395 2222 quodam

253 2244 398 2324 fluxisse,
428 2244 482 2325 qui
508 2244 719 2326 archetypum
748 2242 848 2304 multo
873 2243 992 2305 clarius
1020 2248 1116 2324 atquc
1147 2244 1309 2307 sincerius
1337 2264 1396 2308 ro-

254 2349 468 2429 praeseutavit
487 2366 582 2429 quarn
598 2347 623 2407 ii
640 2346 776 2426 codices,
793 2344 880 2409 unde
896 2346 924 2408 R
941 2352 972 2409 et
988 2346 1019 2405 V
1035 2347 1193 2428 originem
1211 2347 1394 2425 duxeruut,

254 2451 286 2511 in
305 2451 411 2533 priore
430 2449 511 2512 libro
531 2450 609 2512 satis
629 2449 798 2512 docuimus
817 2455 849 2512 et
868 2469 964 2531 supra
984 2452 1023 2530 (p.
1042 2450 1106 2511 234
1127 2453 1160 2512 et
1179 2451 1257 2528 243)
1282 2451 1394 2513 obiter

254 2556 445 2617 monuimus.
476 2553 602 2629 Quibus
627 2553 666 2615 de
691 2553 798 2615 causis
822 2553 915 2615 illum
939 2559 1077 2634 textum,
1107 2573 1148 2616 ex
1177 2574 1242 2635 quo
1272 2556 1392 2617 classis

253 2656 386 2720 S—MA
410 2657 552 2739 proiecta
576 2659 632 2736 est,
661 2655 700 2718 ab
725 2657 898 2738 archetypo
928 2656 1059 2738 propius
1088 2656 1208 2720 afuisse
1238 2676 1335 2739 quam
1359 2656 1386 2719 ii

252 2759 335 2840 libri,
355 2780 396 2823 ex
413 2760 531 2841 quibus
548 2759 575 2822 R
592 2762 623 2822 et
640 2759 667 2820 V
686 2759 745 2822 orti
764 2763 847 2840 sunt,
873 2758 957 2821 haud
979 2759 1046 2822 scio
1063 2780 1104 2821 au
1121 2760 1191 2822 iure
1208 2779 1385 2823 sumamus.

253 2863 364 2944 Neque
387 2864 458 2926 falsi
484 2882 554 2926 esse
578 2862 670 2925 nobis
695 2861 851 2942 videmur,
875 2863 902 2923 si
927 2863 1060 2945 stirpem
1083 2861 1224 2926 familiae
1250 2863 1381 2926 s-Ma

252 2967 381 3029 sacculo
394 2966 443 3028 lX
460 2965 672 3045 attribuimus
689 2985 744 3028 cos
758 2985 834 3028 vero
848 2965 984 3045 codiceS,
1003 2964 1089 3029 unde
1101 2965 1129 3028 R
1142 2972 1174 3028 et
1188 2967 1215 3026 V
1230 2966 1380 3050 descripti

252 3073 335 3145 suut,
363 3069 453 3131 brevi
482 3068 702 3131 tautummodo
732 3074 910 3150 temporum
940 3068 1108 3131 intervallo
1137 3067 1176 3131 ab
1198 3070 1276 3151 ipsis
1292 3071 1378 3132 libris

252 3173 279 3236 lt
303 3173 378 3236 etV
404 3172 582 3234 disiunctos
606 3172 706 3234 tuisse
731 3190 909 3234 censemus

340 3275 411 3338 Hoc
435 3276 533 3357 igitur
557 3276 589 3337 iu
614 3281 681 3338 arte
706 3275 819 3338 critica
842 3275 876 3336 in
896 3274 1122 3356 Aristophanis
1146 3275 1266 3338 fabulis
1290 3276 1375 3338 lacti·

251 3378 346 3441 tanda
365 3379 540 3442 tenendum
560 3387 618 3457 est,
642 3378 787 3441 diversas
806 3378 1022 3457 recensiones
1042 3396 1125 3460 quae
1144 3379 1287 3460 antiquis
1305 3385 1374 3442 tcm-

250 3482 381 3564 poribus
406 3482 569 3563 extabant,
598 3480 767 3545 codicibus
795 3482 914 3543 nostris
937 3482 982 3543 ita
1011 3480 1143 3544 traditas
1167 3501 1254 3561 esse,
1284 3486 1318 3545 ut
1341 3480 1373 3544 ad

250 3594 373 3649 textum
394 3587 508 3647 comici
529 3584 790 3648 constituendum
808 3588 873 3647 tam
893 3584 963 3648 libri
984 3585 1181 3648 recentiores
1199 3585 1264 3648 MA
1285 3604 1373 3667 quam

253 3689 307 3752 ltl'
325 3689 498 3752 adhibendi
513 3688 606 3751 nobis
623 3691 701 3763 sint3
726 3707 832 3769 neque
849 3689 934 3750 enim
951 3695 1119 3770 propterea
1134 3687 1201 3751 fide
1218 3688 1373 3771 digniores

249 3796 325 3854 sunt
347 3792 414 3872 RV,
439 3793 524 3874 quod
549 3798 652 3855 aetate
676 3791 804 3854 codices
829 3790 892 3853 Ma
918 3796 1079 3873 superant.
1108 3791 1147 3853 In
1171 3797 1239 3854 arte
1268 3792 1373 3855 critica

249 3895 430 3958 exercenda
454 3897 609 3958 librorum
638 3915 702 3956 non
732 3894 808 3956 cinni
837 3900 914 3955 sunt
942 3893 1143 3971 numerandi,
1175 3893 1232 3957 sed
1261 3894 1372 3977 ponde·

249 3997 367 4063 randac
392 4000 534 4062 virtutes,
1038 3997 1050 4011 ⁶
