3406 4786
195 344 341 415 Epistulae
353 344 509 400 amatoriae
523 343 663 415 quomodo
677 343 849 400 cohaereant
863 358 927 400 cum
941 343 1038 414 elegiis
1048 343 1254 399 Alexandrinis.
1285 337 1328 401 93

195 518 252 600 uti,
269 517 362 600 quasi
377 516 411 580 id
427 519 549 580 amator
564 517 633 600 ipse
648 516 699 598 sit,
714 515 812 580 iubet
832 515 985 580 Oonieras
997 515 1183 580 Philostrati
1193 518 1236 579 54
1246 517 1327 600 (58):

196 621 223 686 εί
241 619 320 700 κάμὲ
344 622 481 703 φεύγειτ,
505 619 572 684 ἀλλ’
592 619 741 686 ὑπόδεξαι
768 619 828 684 κᾶν
855 619 899 684 τὰ
925 618 1022 698 ῥόδα
1049 619 1130 685 ἀντ’
1153 619 1254 699 ἐμοῦ.
1278 620 1328 685 καί

197 743 255 788 του
284 724 394 802 δέομαι
423 725 463 801 μή
493 725 725 802 ετεφανοῦεθαι
748 723 862 804 μόνον,
890 723 971 787 ἀλλὰ
994 724 1044 787 καὶ
1066 726 1253 802 κοιμηθῆναι
1277 721 1329 787 ἐπ’

197 824 304 890 αὐτῶν
408 825 610 905 ἐνετειλάμην
634 825 814 890 αὐτοῖςκαὶ
840 827 906 903 τήν
930 826 1061 904 δειρήν
1085 845 1152 891 coo
1171 829 1328 906 φιλῆται

196 930 254 993 καὶ
272 931 352 994 soit
371 933 523 1007 μαετοῑτ
541 928 715 993 ἐπελθεῖν
734 929 793 993 καὶ
811 927 1072 1010 ἀνδμίταεθαι,
1090 927 1135 992 ἂν
1155 927 1249 1011 ἐφῇ(
1272 977 1328 992 ...

197 1030 224 1095 ὦ
239 1032 383 1114 μακάρια,
398 1032 471 1097 οἵαν
486 1035 617 1108 γυναῖκα
630 1030 828 1110 περιβάλλειν
840 1032 975 1109 μέλλετε
992 1031 1073 1095 ἀλλὰ
1085 1032 1219 1109 δεήθητε
1230 1030 1328 1110 αὐτῆς

196 1133 277 1214 ὑπὲρ
297 1135 377 1215 ἐμοῦ
401 1136 451 1200 καί
473 1134 683 1213 πρεεβειίεατε
707 1134 757 1199 καί
780 1135 909 1217 πείεατε,
932 1135 989 1199 ἐὰν
1013 1138 1051 1200 δέ
1072 1136 1250 1219 παρακούη,
1274 1155 1328 1199 κα-

194 1236 368 1302 τακαύτατε
392 1239 425 1302 et
448 1235 556 1301 Ovidii
578 1236 679 1319 1115,
708 1256 790 1319 quae
818 1237 921 1321 elegia
944 1237 1086 1320 anulum,
1114 1256 1212 1320 quem
1233 1240 1328 1320 poeta

196 1342 319 1405 amatae
343 1339 449 1423 donat
473 1341 637 1423 sequitur3
661 1340 701 1405 cf.
726 1342 754 1404 1.
776 1343 805 1404 3.
829 1342 859 1404 4.
884 1342 980 1405 7-9.
1006 1341 1056 1404 11.
1082 1342 1140 1404 12;

286 1448 403 1530 Anule,
426 1449 586 1512 formosae
611 1447 747 1532 digitum
771 1449 918 1513 vincture
940 1447 1075 1533 puellae,
1256 1458 1257 1462 ’

287 1551 408 1616 Munus
432 1571 485 1616 eas
508 1557 651 1635 gratum,
677 1557 708 1616 te
731 1551 815 1616 laeta
837 1560 945 1617 mente
968 1558 1135 1637 receptum

332 1654 486 1719 Protinus
510 1653 654 1719 articulis
677 1653 792 1719 induat
813 1655 870 1719 illa
893 1656 975 1736 suis;

286 1756 387 1840 Pelia,
412 1778 431 1821 a
454 1757 583 1821 domina
606 1755 801 1839 tractaberis,
825 1756 929 1840 anule,
953 1759 1069 1821 nostre.

332 1861 494 1927 Invideo
518 1860 630 1924 donis
652 1860 727 1924 iam
750 1861 867 1926 miser
888 1862 1097 1945 ipse-meis.

288 1961 314 2027 0
338 1964 484 2027 utinam
507 1963 598 2029 fieri
622 1964 751 2028 subito
774 1983 854 2028 mea
872 1982 1035 2041 munera
1056 1982 1286 2048 possem...

286 2066 377 2131 Τιιιιο
400 2086 459 2150 ego
483 2072 515 2131 te
539 2068 675 2151 cupiam,
700 2067 837 2150 domina,
861 2071 894 2132 et
916 2068 1061 2152 tetigisse
1083 2068 1217 2152 papillas

331 2169 374 2234 ut
394 2170 518 2235 laevam
542 2171 662 2235 tunicis
685 2171 861 2236 inseruisse
884 2191 1024 2236 manum.

195 2280 228 2343 et
252 2278 294 2341 23
306 2295 390 2361 sqq:

287 2394 346 2459 Me
369 2413 471 2478 gere,
495 2414 571 2460 cum
594 2394 706 2459 calidis
729 2395 935 2479 perfunderis
957 2397 1115 2462 imbribus
1139 2401 1235 2480 artus,

332 2495 519 2581 Damnaque
543 2496 603 2562 sub
627 2516 754 2581 gemma
775 2498 827 2562 ier
848 2501 1014 2583 pereuntis
1037 2519 1156 2582 aquae3

288 2598 360 2681 Sed,
383 2605 470 2683 puto,
494 2602 526 2664 te
549 2598 637 2664 nuda
659 2619 732 2665 mea
753 2600 898 2665 membra
919 2601 1054 2667 libidine
1077 2608 1219 2686 surgent,

332 2704 378 2768 Et
400 2723 578 2789 peragam
600 2708 728 2789 partes
751 2705 891 2770 anulus
913 2705 982 2770 ille
1007 2706 1091 2769 viri.

196 2812 343 2894 Uterque
361 2812 462 2895 igitur
479 2813 618 2895 scriptor
636 2811 727 2895 dona,
751 2831 833 2895 quae
857 2813 962 2896 mittit,
986 2813 1167 2895 alloquitur,
1191 2814 1329 2895 uterque

195 2915 237 2979 iis
259 2913 392 2978 invidet
425 2913 490 2978 Hic
512 2916 594 2997 orat,
617 2918 656 2978 ut
676 2915 784 2998 puella
807 2936 895 2982 rosas
917 2917 990 2983 loco
1018 2917 1169 2981 amatoris
1192 2917 1329 3001 accipiat

195 3020 406 3102 imperatque,
430 3023 467 3081 ut
489 3017 562 3082 illae
580 3018 770 3083 muneribus
794 3022 857 3085 viri
879 3022 1064 3107 fungantur.
1097 3021 1233 3086 Ovidius
1256 3040 1329 3086 sen-

197 3124 330 3188 tentiam
354 3122 490 3187 eandem
513 3123 610 3207 paule
633 3123 727 3188 aliter
748 3129 879 3201 tractat3
907 3145 942 3190 se
965 3127 1072 3210 ipsum
1095 3125 1228 3189 anulum
1256 3141 1328 3188 esse

195 3227 294 3310 fingit
305 3227 510 3310 exponitque,
523 3226 600 3308 quid
612 3227 741 3310 faceret,
752 3228 781 3291 si
793 3229 910 3292 anulus
925 3230 1016 3293 esset
1034 3228 1079 3292 Ut
1089 3245 1328 3311 cognoscamus,

195 3330 285 3395 unde
298 3330 360 3396 hoc
372 3333 597 3414 argumentum
608 3331 753 3414 fluxerit,
766 3332 1002 3415 epigrammata,
1015 3351 1097 3414 quae
1113 3332 1148 3394 in
1165 3329 1277 3394 eadem
1291 3349 1329 3394 re

196 3439 376 3516 versantur,
385 3433 606 3517 respiciamus.
618 3434 765 3498 Primum
775 3434 892 3499 incerti
902 3432 1327 3518 poetoeAnthol.Pal.V84:

312 3540 384 3606 Είθε
408 3540 510 3619 ῥόδον
532 3542 671 3620 γενόμην
695 3542 942 3624 ὑποπόρφυρον,
966 3540 1056 3621 ὄφρα
1080 3562 1116 3620 με
1136 3543 1239 3621 χερτὶν

355 3644 524 3724 Ἀρεαμένη
549 3645 656 3728 χαρίτῃ
680 3646 800 3722 (τήθεα
823 3647 959 3724 χιονέοιε
971 3647 1001 3727 ¹),

291 3785 312 3857 ¹)
339 3784 419 3854 Quod
449 3789 645 3855 armamentum
670 3786 745 3840 inter
773 3786 874 3840 Σκόλια
900 3786 957 3841 iam
982 3785 1140 3854 invenitur;
1167 3785 1201 3841 cf.
1229 3785 1329 3856 Bergk,

196 3872 303 3927 Poetae
321 3869 401 3939 lyrici
421 3868 540 3925 Graeci⁴
560 3870 630 3925 1882
648 3871 684 3924 lll
702 3886 728 3939 p.
740 3870 803 3939 649,
817 3871 866 3926 19:

362 3956 424 4010 Είθε
442 3955 515 4021 λόρα
534 3956 603 4022 καλὴ
622 3955 759 4023 γενοίμην
778 3955 961 4026 ἐλεφαντίνη,

362 4039 411 4094 Καί
432 4057 465 4105 με
483 4039 564 4094 καλοί
582 4042 680 4095 παίδεε
700 4041 819 4107 φέροιεν
838 4041 990 4095 Διονόειον
1009 4041 1037 4095 ἐε
1056 4041 1153 4108 χόρον.

197 4131 227 4183 et
245 4127 296 4182 20·
363 4197 418 4252 Εἶθ’
437 4199 550 4265 ἄπυρον
569 4194 655 4252 καλόν
674 4196 812 4265 γενοίμην
833 4198 902 4262 μέγα
921 4196 1046 4266 χρυείον,

363 4283 412 4337 Καί
433 4300 466 4349 με
485 4284 555 4350 καλὴ
574 4283 646 4350 γυνὴ
667 4283 776 4351 φοροίη
796 4284 924 4350 καθαρόν
944 4284 1047 4350 θεμένη
1067 4283 1145 4338 νόον.
