2894 4824
228 367 417 437 Quaestiones
436 368 552 424 criticae
572 368 602 422 in
621 368 818 439 Aristophanis
837 369 956 426 fabulas.
1096 367 1158 429 191

67 538 114 601 tire
130 540 174 604 Ra.
199 542 262 604 152
287 544 326 618 νή
356 543 433 604 τοὺς
457 542 552 605 θεοὺς
581 541 678 619 ἐχρῆν
701 561 737 616 γε
760 544 843 619 πρὸ(
865 545 1001 607 τούτοιτι
1032 545 1076 608 κεί
1099 546 1162 625 (καὶ

67 642 85 704 εί
99 642 125 711 lt
142 644 190 709 κέί
212 645 256 726 V)
288 645 292 728 l
318 646 376 720 τήν
401 646 558 722 πυρρίχην
580 663 625 707 τι(
655 644 751 721 ἔμαθε
779 648 840 708 κτλ.
871 645 1066 710 invenimus,
1096 646 1161 711 Hic

66 747 225 828 roclenus
243 767 318 810 cum
339 747 368 810 R
386 748 436 810 καὶ
455 747 480 810 εἰ
499 745 652 829 praebeat
670 747 755 809 etin
775 767 803 809 v.
823 750 885 811 153
903 749 999 811 etiam
1016 750 1035 827 ἢ
1052 750 1162 827 πυρρί-

64 869 105 925 χην
120 850 172 933 legi
195 850 296 913 schol.
321 848 362 912 ad
386 850 416 912 h.
439 869 468 912 v.
493 853 730 925 commemoret
750 851 895 915 incertus
920 837 958 916 et⁴
969 853 1080 916 multis
1100 854 1162 916 cri-

63 950 119 1030 ticis,
138 953 221 1016 velut
243 952 424 1015 Fritzsohio
448 956 481 1015 et
503 952 628 1017 Koehio
652 956 825 1036 suspectus
849 961 906 1037 est,
932 956 1071 1037 quires.
1098 957 1160 1018 152

64 1058 141 1119 -153
162 1057 209 1120 sie
233 1057 448 1138 scripserunt:
473 1059 511 1133 νὴ
534 1058 610 1120 τοὺς
634 1058 729 1120 θεοὺς
745 1094 787 1103 -
804 1060 853 1121 καὶ
875 1057 879 1141 Ι
900 1058 926 1122 εί
942 1059 1100 1136 πυρρίχην
1118 1077 1163 1122 τι(

63 1161 105 1220 ιτλ
122 1159 226 1242 Itaque
252 1179 326 1222 cum
354 1162 465 1222 nostro
494 1159 565 1221 loco
590 1158 623 1221 id
648 1159 810 1242 agendum
834 1161 885 1240 sit
914 1159 1054 1224 utillud
1078 1162 1104 1224 εί
1128 1161 1162 1222 in

63 1260 109 1324 line
126 1283 150 1324 v.
166 1265 228 1326 119
253 1263 394 1343 tollatur,
422 1282 487 1325 non
516 1281 647 1345 possum
676 1263 876 1345 ingeniosam
900 1269 933 1326 et
956 1263 1032 1326 setis
1055 1263 1162 1327 lenem

64 1365 284 1430 emendationem
305 1366 344 1429 ab
364 1366 584 1430 Herwerdeno
604 1368 638 1429 in
652 1366 748 1429 Vind.
763 1369 817 1430 Ar.
837 1388 865 1450 p.
885 1369 948 1431 102
968 1368 1162 1450 propositam

66 1465 153 1533 ὸΖεύε
170 1473 223 1545 μὲν
243 1470 313 1550 oliv,
338 1471 368 1534 εί
388 1470 539 1547 δρῶντά
557 1469 587 1543 γ’
605 1469 705 1534 ollam
725 1469 824 1552 (quod
842 1471 939 1533 facile
959 1471 992 1532 in
1013 1472 1105 1534 είδιίιε
1124 1473 1163 1534 τὰ

66 1570 157 1634 τούτων
184 1572 272 1636 abire
297 1575 430 1655 poterat)
463 1571 543 1650 μῶρ’
567 1572 622 1650 ἐμὲ
643 1572 647 1655 Ι
668 1572 801 1653 πύθοιτ’,
833 1573 874 1636 ἂν
902 1573 1069 1650 ἐπιτρίψειε
1097 1593 1162 1635 non

68 1671 175 1754 pmhare,
196 1676 385 1758 praesertim
408 1694 491 1757 quae
515 1679 624 1757 aptum
648 1679 680 1738 ct
699 1675 906 1757 perspicuum
926 1694 1057 1738 sensum
1074 1694 1164 1757 prae-

70 1770 126 1836 beat.
147 1780 190 1840 Ae
215 1798 256 1842 ne
286 1779 340 1841 eui
370 1779 537 1841 collocatio
566 1778 737 1841 encliticae
766 1778 808 1842 ἂν
835 1779 1011 1841 oiiensioni
1041 1778 1091 1859 sit,
1122 1779 1164 1840 si-

72 1875 148 1941 milem
167 1880 268 1944 locum
292 1882 349 1945 Ra
375 1883 527 1944 ooo-57
551 1881 591 1945 ού
612 1884 668 1958 μέν
693 1882 755 1945 ούν
779 1903 816 1958 με
838 1883 1048 1962 προτὲδοκαε,
1069 1881 1074 1965 l
1096 1882 1163 1958 ὁτιή

73 1981 210 2057 ιοθὸρνουτ
233 1980 326 2064 εἶχες,
351 1984 391 2047 ἂν
413 1985 535 2058 γνῶναί
559 1983 584 2047 ε’
601 1985 643 2047 ἐτι
667 1984 870 2066 proferimus,

138 2082 259 2149 lenum
277 2088 341 2149 725
362 2086 421 2149 RV
433 2087 481 2149 sic
500 2085 672 2150 exhibent:
697 2085 740 2149 ‘iv‘
758 2087 983 2163 ἐπομνύμενον
1001 2088 1113 2150 παύειν
1133 2106 1166 2150 (ε

74 2181 267 2267 rectilineae
290 2190 400 2269 (εκ-Β).
435 2189 539 2252 Schol.
552 2189 591 2252 V.
607 2188 680 2251 Ald.
703 2188 834 2251 adnotat
857 2189 1015 2267 ἐκκλητίαε
1039 2192 1074 2252 δὲ
1098 2190 1166 2252 ἀντὶ

73 2285 118 2344 τού
135 2288 160 2350 ἐν
178 2296 235 2355 ταῑ(
258 2292 426 2369 ἐκκλητίαιε
456 2292 503 2371 (ἐν
526 2297 562 2372 τῇ
588 2292 730 2374 ἐκκληείᾳ
746 2292 787 2372 V)
810 2294 843 2354 et
865 2290 917 2354 alt.
935 2292 1034 2355 schol.
1051 2291 1165 2355 ἄλλως.

75 2382 254 2467 ἐπομνύμενον
288 2397 347 2471 μὲν
377 2394 445 2457 ἀντὶ
476 2397 535 2457 τοῦ
569 2395 788 2473 ἐφεδρεύοντα
818 2399 884 2458 ταῑ(
917 2396 1085 2472 ἐκκλητίαιε
1116 2396 1166 2456 καὶ

74 2499 297 2565 τυιτοφαντοῡντα
326 2497 407 2574 ὑπὲρ
435 2500 495 2560 τού
524 2500 707 2575 κερδαίνειν.
747 2497 841 2559 Prior
870 2499 969 2579 igitur
996 2496 1168 2560 scholiasta

72 2589 211 2664 genitivum
228 2603 284 2676 τῆ(
303 2599 464 2676 ἐκκλητίατ
483 2599 569 2682 legit,
593 2599 674 2662 alter
692 2604 758 2663 roic
779 2601 956 2677 ἐκκλητίαιτ.
989 2599 1168 2663 infeliciter

73 2684 223 2769 Bludesius
245 2702 428 2782 genitivum
447 2701 620 2765 defendere
646 2708 790 2781 conatur,
814 2704 869 2784 qui
894 2703 933 2765 de
956 2703 1066 2766 παύεω
1091 2721 1167 2784 pen-

73 2786 424 2874 deotcollatisAv.1259
441 2807 460 2884 ἠ
477 2809 538 2884 μήν
555 2827 587 2870 (ε
603 2805 714 2871 παύτει
728 2811 784 2884 τῆ(
800 2804 923 2885 ύβρεωε
940 2807 1040 2883 ούμὸτ
1056 2809 1167 2886 πατήρ,

73 2890 179 2972 Eume
206 2909 267 2983 ἐγώ
297 2929 331 2972 τε
358 2909 468 2973 παύειν
497 2913 557 2973 τού
587 2910 737 2989 θράεουτ,
769 2909 824 2973 Ra.
848 2911 913 2971 268
944 2909 1076 2985 ἔμελλον
1106 2907 1168 2985 ἄρα

72 2999 169 3071 truitae
181 3012 253 3075 ποθ’
267 3012 347 3088 ὑμᾶς
363 3015 422 3076 τοῦ
439 3014 524 3092 κοάξ,
545 3011 662 3094 quibus
679 3012 951 3075 constructionem
970 3030 1061 3074 suam
1082 3030 1168 3073 com-

73 3100 171 3176 protere
192 3115 307 3178 studet.
334 3114 493 3178 Velsenus
512 3114 654 3178 dativum
679 3120 746 3179 ταῑε
765 3116 933 3192 ἐκκλητίαιε
957 3134 974 3177 e
998 3113 1096 3178 schol
1115 3112 1168 3176 ad-

72 3206 195 3308 ¹1'litatione
213 3222 341 3280 erutum
360 3217 394 3278 in
413 3221 539 3280 textum
558 3217 686 3299 recepit.
711 3216 813 3293 Quem
831 3236 939 3281 casum
958 3218 1006 3278 vir
1024 3216 1078 3279 ille
1095 3215 1169 3279 doo-

72 3303 178 3381 tlstimus
195 3328 252 3382 aut
270 3319 446 3382 locativum
469 3320 699 3402 interpretatus
724 3325 848 3383 estant
872 3339 946 3382 eum
971 3319 1068 3383 verbo
1093 3320 1170 3382 ὑπο-

72 3410 195 3489 μνύμενον
218 3423 398 3486 coniunxit.
433 3421 621 3486 Locativum
645 3424 673 3486 si
697 3423 794 3487 verba
817 3427 882 3486 ταῑτ
907 3423 1074 3500 ἐκκλητίαιε
1100 3441 1170 3485 esse

69 3510 148 3605 v⁰luit,
173 3525 211 3589 ab
236 3545 275 3589 eo
305 3528 471 3607 propterea
495 3525 658 3604 dissentio,
687 3524 773 3607 quod
802 3544 959 3606 nusquam
988 3526 1024 3587 in
1048 3525 1171 3587 Aristo-

67 3612 149 3692 thanis
166 3629 285 3692 fabulis
305 3627 432 3690 dativus
455 3628 518 3691 loci
536 3648 595 3711 pro
615 3631 746 3710 antiquo
766 3629 903 3691 locativo
923 3629 1002 3690 milri
1023 3628 1170 3691 occurrit.

68 3712 198 3796 Προνοία
218 3732 291 3795 loco
311 3731 370 3794 Nb.
389 3731 453 3794 272
475 3733 588 3796 Νείλου
607 3736 763 3810 προχοαῑε
782 3731 907 3813 legitur.
932 3730 974 3793 At
994 3732 1081 3794 hunc
1100 3750 1171 3794 ver-

61 3839 110 3895 Sfln
128 3840 313 3918 corruptum
332 3852 402 3898 esse
421 3841 516 3917 patet
542 3835 623 3897 Nam
644 3854 717 3898 cum
738 3836 771 3896 in
788 3853 852 3896 ves,
870 3835 943 3914 270,
961 3836 1023 3896 221
1047 3833 1101 3897 εἴτ’
1117 3833 1171 3896 ἐπ’

59 3927 196 4015 Ὀλύμπου
209 3942 369 4016 κορυφαῖς
381 3942 414 4000 et
425 3937 477 4001 εἴτ’
490 3937 645 4002 Ὠκεανοῦ
662 3939 782 4015 πατρὸς
795 3939 835 4001 ἐν
847 3941 958 4016 κήποις
973 3936 1172 4017 exhibeatur,

53 4039 129 4105 eliam
152 4044 187 4104 in
208 4063 237 4105 v.
255 4043 320 4104 272
347 4040 401 4104 εἴτ’
418 4039 481 4117 ἄρα
502 4041 614 4104 Νείλου
634 4045 792 4118 προχοαί(
816 4043 878 4103 κτλ.
903 4039 1098 4122 praepositio
1119 4058 1173 4101 ex-

50 4149 205 4223 metatur.
237 4144 285 4208 cf.
302 4143 401 4207 schol.
418 4143 457 4206 ad
479 4144 507 4206 h.
525 4164 570 4207 ν.;
597 4145 692 4207 λείπει
711 4145 730 4221 ἡ
751 4143 810 4224 ἐπί,
828 4145 883 4207 ’ίνα
902 4144 920 4220 ἠ
940 4144 988 4205 ἐπὶ
1007 4145 1072 4205 ταῑε
1093 4162 1173 4218 προ-

45 4252 125 4322 χοαῑε
148 4251 208 4312 τού
230 4249 352 4312 Νείλου.
386 4248 455 4309 Αυί
478 4266 552 4310 eum
571 4245 733 4310 Meinelrio
758 4245 810 4309 εἴτ’
828 4245 890 4322 ἄρα
910 4246 1021 4308 Νείλου
1044 4242 1071 4307 ’ν
1095 4263 1174 4319 προ-
