3406 4786
173 344 323 414 Epistulae
336 345 491 401 amatoriae
505 347 645 416 quomodo
659 349 832 404 cohaereant
843 364 907 404 cum
921 349 1017 419 elegiis
1027 349 1235 406 Alexandrinis.
1265 346 1306 408 87

175 520 210 582 et
232 516 311 580 ibid.
335 518 418 583 443:

307 633 377 699 Nec
400 654 491 699 coma
513 655 571 699 vos
593 635 682 700 fallat
704 635 828 719 liquido
851 637 1045 702 nitidissima
1068 638 1177 703 nardo.

173 759 223 842 Id,
243 759 328 843 quod
347 759 433 843 apud
448 761 690 826 Aristaenetum
709 765 741 827 et
757 761 909 827 Ovidium
928 763 1074 848 legimus,
1090 786 1110 828 a
1128 765 1304 830 comoediis

174 864 314 928 fortasse
338 863 480 928 alienum
503 884 568 927 non
590 865 660 929 fuit.
701 864 747 929 Of.
768 864 876 929 Ovidii
901 869 1055 931 Amorum
1078 867 1140 949 Is,
1158 869 1216 931 67:

234 988 327 1071 Quin,
352 989 428 1072 quia
450 989 611 1073 pulcher
633 992 703 1073 erit,
726 997 837 1075 poscet
859 992 929 1057 sine
953 1011 1086 1058 munere
1110 995 1256 1058 noctem!

176 1118 209 1179 et
231 1114 367 1179 Luciani
391 1113 592 1199 dialogorum
614 1118 820 1181 meretricum
839 1117 886 1181 VI
902 1120 941 1182 4:
978 1119 1016 1183 Ol
1034 1122 1071 1182 δέ
1094 1121 1144 1183 καὶ
1163 1119 1203 1184 ού
1222 1120 1307 1184 πάνυ

176 1222 304 1297 μορφῆε
329 1217 460 1297 εύφυῶε
480 1217 614 1298 ἔχοντετ.
632 1255 674 1264 -
698 1221 753 1283 Καὶ
770 1222 928 1286 τοιούτοις
947 1224 1169 1297 τυγκαθεύδειν
1189 1223 1308 1300 δεήεει;

176 1358 220 1368 -
245 1321 400 1403 Μύλιττα,
425 1321 452 1385 ὦ
477 1323 628 1400 θύγατερ·
653 1320 740 1387 οὗτοι
765 1325 822 1402 μέν
845 1345 895 1389 τοι
918 1326 968 1388 καὶ
991 1326 1126 1388 πλείονα
1150 1325 1307 1390 διδύαειν·

176 1423 210 1488 οἱ
238 1426 345 1489 καλοὶ
373 1428 413 1489 δὲ
437 1424 526 1490 αὐτὸ
552 1425 673 1503 μόνον
696 1428 803 1492 καλοὶ
827 1427 1001 1492 θέλουειν
1025 1423 1128 1492 εἶναι.
1184 1427 1310 1504 Quibus

176 1545 216 1591 ex
235 1526 316 1591 locis
336 1525 444 1610 colligi
462 1530 566 1610 potest
584 1526 690 1592 lenam
708 1529 896 1594 meretrices
914 1531 1087 1613 monuisse,
1106 1550 1147 1595 ne
1166 1551 1308 1596 amorem

174 1630 319 1713 pulchris
340 1629 417 1693 viris
435 1629 635 1713 praeberent
655 1631 741 1713 quod
760 1632 794 1694 hi
812 1632 1064 1716 pulchritudine,
1083 1654 1149 1698 non
1168 1635 1308 1718 pecunia

174 1733 309 1797 vincere
334 1736 497 1816 cuperent.
532 1732 634 1810 Quam
657 1735 851 1798 seutentiam
874 1755 915 1799 ex
939 1735 1050 1820 elegiis
1074 1735 1307 1801 Alexandrinis

173 1837 208 1900 in
239 1837 410 1921 epistulam
440 1838 638 1902 Aristaeneti
668 1837 806 1903 fluxisse
839 1837 1090 1919 Gollnischius1)
1121 1859 1162 1905 ex
1191 1839 1308 1905 Tibulli

174 1939 280 2023 elegia
302 1938 320 2001 I
336 1941 365 2022 8,
383 1941 510 2004 9-162

284 2057 369 2134 Quid
392 2056 452 2121 tibi
475 2077 563 2122 nunc
586 2057 698 2122 molles
721 2057 853 2141 prodest
875 2056 1015 2120 coluisse
1038 2056 1170 2140 capillos

338 2160 503 2244 Saepeque
526 2165 664 2225 mutatas
688 2161 884 2244 disposuisse
908 2179 1025 2241 comas,

283 2262 368 2340 Quid
392 2264 467 2328 fuco
491 2263 680 2346 splendente
703 2282 802 2347 genas
826 2281 948 2344 ornare,
973 2260 1051 2344 quid
1074 2282 1199 2346 ungues

337 2366 485 2431 Artificis
509 2365 603 2430 docta
625 2366 828 2431 subsecuisse
851 2366 974 2428 manu?

283 2468 416 2533 Frustm
437 2470 502 2532 iam
526 2475 639 2551 vestes,
663 2470 782 2533 frustra
804 2471 971 2532 mutantur
993 2467 1131 2532 amictus

337 2575 492 2654 Ansaque
517 2591 716 2655 compressos
740 2571 869 2655 colligat
895 2576 963 2635 arta
985 2569 1091 2654 pedes.

283 2674 343 2738 Illa
366 2673 477 2757 placet
501 2675 647 2758 quamvis
671 2674 793 2738 inculto
817 2676 943 2740 venerit
966 2693 1020 2738 ore

338 2777 408 2842 Nec
430 2776 569 2842 nitidum
592 2777 682 2841 tarda
706 2778 879 2860 compserit
904 2782 971 2840 arte
995 2782 1099 2859 caput

173 2907 207 2968 et
230 2902 324 2967 Pauli
347 2903 524 2968 Silentiarii
549 2903 776 2986 epigrammate
798 2901 928 2965 Anthol.
945 2902 1010 2966 Pal.
1027 2901 1057 2964 V
1074 2902 1153 2966 228:

285 3029 360 3094 Εἰπέ
382 3030 440 3093 τίνι
463 3030 583 3094 πλὲξειε
608 3028 650 3092 ἔτι
676 3028 859 3110 βύετρυχον,
883 3028 902 3106 ἢ
926 3030 983 3092 τίνι
1006 3031 1111 3107 χεῖρα(

338 3133 541 3210 Φαιδρυνέειε
568 3132 697 3210 ὀνύχων
722 3130 906 3210 ἀμφιτεμιύν
930 3131 1036 3208 daibu3

285 3236 336 3300 Εἰ(
357 3236 384 3299 τί
408 3238 444 3299 δέ
468 3236 626 3311 κοεμήεειε
650 3229 791 3298 ἁλιανθέι
815 3235 921 3313 φάρεα
944 3235 1062 3316 κόχλῳ,
1102 3300 1103 3303 ,

338 3340 454 3418 Μηκέτι
476 3343 532 3417 τῆε
554 3343 650 3417 καλῆε
673 3340 766 3414 ἐγγὺτ
789 3339 847 3403 ἰὼν
870 3338 1046 3417 Ῥοδύιιηε;

278 3443 434 3521 Ὄμμαειν
458 3442 505 3507 olc
528 3444 687 3522 Ῥοδόπην
713 3442 752 3506 ού
775 3443 934 3523 δέρκομαι,
959 3441 1036 3506 οὐδὲ
1060 3445 1193 3520 φαεινῆε

338 3546 461 3621 Φέγτοτ
485 3545 563 3610 ἰδεῖν
587 3546 685 3609 ἐθέλω
711 3546 844 3624 χρύεεον
868 3545 1046 3621 Ἠριιτύληε.

174 3662 311 3746 probare
335 3662 449 3726 studet
484 3662 518 3726 Si
542 3661 737 3744 epigramma
760 3660 853 3724 Pauli
876 3664 978 3723 totum
1001 3661 1164 3741 totamque
1186 3659 1306 3724 Tibulli

175 3766 310 3849 elegiam
328 3765 490 3848 inspicies,
510 3764 696 3846 similitudo,
716 3784 812 3846 quam
831 3762 1070 3846 deprehendere
1089 3761 1152 3825 sibi
1175 3763 1305 3828 videtur

174 3871 226 3933 vir
241 3868 363 3951 doctus,
380 3868 530 3934 elabetur.
555 3867 675 3931 Paulus
691 3867 786 3948 enim,
804 3867 880 3949 quia
897 3865 1051 3948 Rhodope
1070 3872 1173 3929 amata
1191 3867 1305 3950 procul

175 3973 226 4055 sit,
243 3990 278 4035 se
294 3991 359 4035 non
375 3971 439 4034 iam
455 3970 650 4034 ornamentis
668 3971 717 4034 uti
733 3970 814 4034 velle
830 3969 988 4048 affirmat3
1012 3967 1156 4032 Tibullus
1173 3969 1306 4052 exponit

175 4075 318 4140 studium
347 4074 469 4138 formae
497 4073 643 4138 Marathe
670 4071 711 4136 ad
734 4091 874 4137 amorem
902 4071 1040 4136 Pholoae
1068 4072 1304 4154 impetrandum

269 4249 288 4317 ¹)
308 4248 509 4316 ‘Quaestiones
529 4247 685 4317 elegiacae’
704 4264 729 4316 p.
744 4246 786 4301 66.
806 4248 849 4301 67.
