2932 4800
508 995 509 998 Ἴ
546 1037 668 1121 Caput
690 1037 714 1100 Ι.

149 1180 231 1244 Cum
255 1181 316 1243 viri
344 1178 430 1244 docti
456 1179 557 1244 Flavii
586 1180 771 1244 Philostrati
795 1181 1056 1264 Aristaenetique
1086 1183 1192 1248 rheto-

58 1301 128 1347 rum
158 1283 304 1367 epistulis
332 1284 495 1348 amatoriis
522 1284 709 1367 saepissime
737 1284 786 1348 uti
815 1284 953 1366 soleant,
984 1287 1022 1348 ut
1049 1287 1193 1350 carmina

59 1387 202 1471 elegiaca
222 1386 524 1469 Alexandrinorum,
545 1408 683 1471 quorum
706 1395 854 1453 auctores
873 1407 950 1453 suos
968 1408 1094 1453 amores
1109 1393 1192 1455 trac·

57 1492 176 1572 tabant,
196 1491 343 1555 extitisse
367 1490 538 1555 ostendant
561 1494 592 1556 et
615 1495 804 1576 argumenta
825 1493 1005 1574 restituant,
1028 1492 1191 1558 innostro

52 1590 176 1675 libello,
192 1613 270 1657 num
288 1594 349 1658 hoe
365 1595 478 1659 merito
494 1596 640 1677 iecerint,
657 1597 839 1659 accuratius
852 1595 1023 1677 exquirere
1038 1597 1073 1659 in
1085 1597 1192 1661 animo

52 1695 222 1762 habemus.
258 1695 329 1779 Sed,
353 1702 391 1760 ut
413 1717 482 1762 rem
504 1698 620 1762 melius
643 1697 820 1782 intellegas,
843 1697 922 1779 quid
950 1696 1036 1763 docti
1064 1698 1104 1763 de
1127 1700 1192 1765 illis

48 1801 172 1884 elegiis
191 1799 421 1864 Alexandrinis
440 1802 589 1882 sentiant,
613 1820 676 1883 qua
695 1799 818 1865 ratione
842 1801 996 1884 epistulas
1022 1804 1192 1868 amatorias

47 1903 96 1967 ad
127 1902 246 1986 elegias
273 1902 511 1986 recuperandas
534 1902 749 1985 adhibuerint
776 1922 837 1966 nos
860 1902 1002 1970 breviter
1030 1925 1192 1990 exponere

46 2025 191 2072 necesse
220 2012 277 2070 est.
320 2005 541 2083 Quaerebatur
568 2007 668 2089 enirn,
699 2025 777 2068 num
804 2005 965 2089 Tibullus,
996 2008 1192 2094 Propertius

50 2107 206 2190 Ovidius,
227 2113 338 2191 poetae
354 2107 487 2191 elegiaci
503 2108 648 2190 Romani,
664 2107 760 2191 primi
779 2108 906 2192 elegiae,
926 2129 1063 2192 quarum
1080 2113 1193 2195 poetae

52 2214 97 2278 de
118 2233 154 2277 se
174 2211 382 2296 disserebant,
405 2215 662 2298 composuissent
685 2216 717 2278 et
735 2213 922 2277 inventores
940 2213 1039 2277 huius
1062 2215 1192 2297 generis

52 2317 198 2381 fuissent
217 2337 258 2380 an
278 2315 317 2380 ad
339 2317 482 2381 carmina
501 2316 619 2381 similia
634 2314 931 2380 Alexandrinorum
951 2317 1192 2400 spectavissent.

58 2421 143 2485 Cum
166 2420 256 2485 nulle
277 2421 457 2504 fragmenta
480 2422 592 2486 talium
616 2421 791 2504 elegiarum
814 2417 1110 2484 Alexandrinarum
1140 2438 1192 2483 ae·

58 2527 158 2588 tatem
174 2524 314 2606 tulerint,
338 2523 498 2606 quomodo
519 2543 571 2588 res
587 2543 623 2588 se
639 2523 761 2604 haheat,
778 2521 916 2586 difficile
932 2524 982 2587 est
1004 2519 1191 2586 diiudicata.

60 2627 131 2704 Qua
144 2627 183 2692 de
193 2646 291 2691 causa
303 2627 453 2691 admirari
465 2626 532 2690 noli
542 2627 629 2689 viros
642 2623 752 2689 doctos
764 2625 849 2689 inter
858 2643 893 2688 se
906 2622 999 2688 valde
1010 2621 1191 2689 dissentire.

150 2729 401 2793 Proficiscamur
427 2729 596 2793 sententiis
624 2727 774 2809 aliorum,
808 2728 864 2810 qui
888 2727 927 2792 de
956 2728 1017 2792 hae
1043 2744 1080 2792 re
1101 2728 1192 2811 prius

60 2831 201 2897 breviter
225 2834 367 2913 egerunt,
384 2830 538 2914 neglectis
557 2851 576 2894 a
595 2829 818 2895 dissertatione
834 2831 974 2915 Augusti
993 2829 1109 2913 Ottoll,
1135 2832 1191 2913 qui

60 2934 295 3015 etestimoniis,
319 2954 402 3016 quae
421 2940 534 3018 poetae
553 2933 687 3017 elegiaci
706 2933 842 2997 Romani
861 2934 924 3017 ipsi
942 2933 1092 3015 atterunt,
1116 2953 1192 2997 cou-

61 3037 147 3102 eludi
163 3055 258 3120 posse
275 3036 416 3099 affirmat
434 3055 489 3100 eus
505 3035 690 3100 Callimachi
711 3039 743 3099 et
761 3035 907 3099 Philetae
923 3035 1051 3119 elegias,
1071 3035 1190 3118 quibus

60 3141 108 3203 illi
131 3141 277 3224 proprios
300 3139 438 3203 affectus
462 3139 679 3223 exposuerint,
706 3138 847 3202 imitatos
872 3139 985 3218 esse’).
1023 3137 1150 3203 Deinde
1174 3160 1191 3204 e

154 3322 173 3391 ¹)
192 3321 333 3390 Augustus
346 3320 420 3389 Otto,
440 3322 479 3375 De
497 3320 600 3376 tabulis
612 3319 814 3390 Propertianis,
827 3319 967 3389 particula
980 3319 1064 3389 prior,
1080 3319 1191 3375 vratisl.

62 3407 140 3473 1880,
160 3424 186 3476 p.
201 3408 287 3476 2sqq.

150 3493 172 3562 ¹)
192 3492 289 3547 Liceat
307 3492 419 3562 potiora
437 3491 562 3561 prolerre
581 3490 745 3546 testimonia

95 3579 222 3647 Propert.
241 3578 277 3632 Ill
293 3578 318 3645 1,
333 3577 356 3631 1.
370 3578 395 3631 2.
408 3578 434 3632 5.
448 3578 482 3631 6:

224 3662 389 3718 Callimachi
407 3678 507 3717 manes
526 3665 554 3716 et
573 3660 623 3716 Coi
643 3677 725 3717 sacra
744 3659 878 3727 Philetae‚

276 3749 308 3803 ln
326 3753 459 3815 vestrum,
479 3763 594 3818 quaese,
614 3763 658 3802 me
678 3745 761 3801 sinite
780 3746 821 3799 ire
840 3761 950 3799 nemus.

223 3833 320 3900 Dicite,
340 3848 395 3902 quo
415 3831 521 3901 pariter
540 3848 655 3887 carmen
674 3831 812 3886 tenuastis
831 3830 861 3885 in
880 3832 984 3885 antro?

278 3918 375 3987 Quove
393 3918 465 3987 pede
484 3916 626 3987 ingressi?
645 3933 765 3986 quamve
784 3915 894 3970 bibistis
914 3916 1040 3984 aquam?

96 4006 221 4075 Propert.
240 4005 275 4059 ΙΙΙ
294 4006 319 4072 9,
332 4003 376 4057 43.
389 4003 440 4057 44:

222 4091 298 4144 Inter
317 4088 484 4144 Callimachi
503 4093 548 4143 sat
566 4087 619 4142 erit
638 4087 779 4157 placuisse
797 4086 907 4142 libellos

276 4175 310 4230 Et
329 4173 467 4230 cecinisse
486 4173 587 4242 modis,
607 4173 663 4229 Coe
682 4177 775 4243 poeta,
794 4172 858 4227 tuis.

67 4354 72 4371 ί
115 4296 210 4352 ΚΜ
