3248 4910
380 378 422 442 50
809 385 845 439 Μ.
864 384 1084 452 Heinemann,

378 557 413 620 in
428 556 547 640 Apulei
571 575 699 639 quoque
723 555 1023 640 Metamorphoseon
1045 555 1136 620 libris
1155 557 1299 621 inveniri
1323 558 1440 620 notum
1459 559 1509 620 est

378 663 501 728 Lucius
520 668 552 727 et
570 669 685 745 namot,
709 663 787 746 quid
806 664 869 747 ipsi
891 663 954 728 sibi
969 662 1130 746 acciderit,
1154 671 1187 728 et
1211 663 1352 746 fabulas,
1377 683 1458 747 quas
1474 663 1509 727 ab

378 770 450 834 aliis
478 771 624 853 audierit,
655 771 754 835 refert
776 771 870 836 tertia
896 789 976 835 usus
1004 770 1095 835 verbi
1122 789 1269 854 persona.
1310 771 1385 849 Qua
1415 770 1455 835 de
1479 791 1511 835 re

377 878 526 942 nonnulli
542 879 605 942 viri
618 877 704 942 docti
719 877 791 942 illas
803 879 1002 944 narrationes
1017 897 1091 943 cum
1102 878 1230 961 fabalia,
1248 897 1334 962 quae
1352 879 1510 960 dicuntur,

377 985 623 1050 romanensibus
655 991 819 1070 cognatas,
852 986 910 1050 bas
937 985 1172 1050 Milesiaoarum
1204 987 1395 1051 fabularum
1425 987 1511 1070 quasi

378 1093 556 1158 simillimas
588 1093 795 1158 contendunt
838 1093 1020 1176 Utrumque
1047 1112 1163 1178 genus,
1195 1095 1222 1158 si
1258 1093 1441 1179 diligenter
1468 1096 1512 1158 in-

378 1202 507 1284 spicieS,
536 1221 610 1266 cum
639 1201 837 1265 Aristaeneti
864 1201 1010 1285 epistulis
1042 1199 1127 1265 haud
1158 1221 1232 1265 raro
1260 1203 1308 1266 ita
1339 1203 1512 1267 concinere

377 1309 558 1392 intellegeS,
586 1313 623 1372 ut
651 1307 792 1373 dubitari
818 1328 883 1371 non
911 1309 1025 1393 possit,
1053 1309 1133 1392 quin
1161 1310 1450 1394 epistolographus
1477 1309 1513 1373 ad

378 1415 489 1480 eadem
501 1435 621 1498 genera
631 1416 851 1480 narrationum
864 1416 1017 1480 amatoria
1029 1417 1230 1500 spectaverit,
1242 1417 1415 1500 inquibus
1427 1421 1513 1502 Apu·

376 1523 460 1588 leius
475 1523 669 1588 versabatur.
695 1523 857 1604 Conferre,
881 1522 1041 1606 quomodo
1064 1522 1149 1607 apud
1168 1523 1349 1609 Apuleium
1365 1525 1402 1590 11
1420 1529 1513 1609 lsqq.

375 1631 498 1696 Lucius
517 1631 639 1696 Fotidis
658 1649 782 1694 amores
802 1629 970 1713 describat,
990 1651 1064 1695 cum
1079 1629 1249 1716 Lampriac
1268 1633 1514 1698 narratiuncula

376 1737 461 1823 apud
485 1739 726 1803 Aristaenetum
744 1737 828 1802 116.
860 1737 1055 1803 Nascentem
1079 1741 1216 1821 uterque
1240 1759 1389 1804 amorem
1415 1742 1513 1804 isdem

375 1847 444 1911 fere
468 1845 629 1911 coloribus
653 1843 813 1929 depingit3
836 1845 912 1909 finit
934 1844 1157 1910 Aristaenetus
1176 1845 1436 1930 descriptionem
1462 1869 1514 1932 per

376 1953 585 2032 ἀποτιώπητιν
601 1953 652 2016 his
672 1953 706 2016 in
721 1951 958 2017 narrationibus
978 1953 1191 2016 notissimam:
1209 1953 1250 2018 τὰ
1267 1955 1297 2019 δ’
1310 1954 1399 2020 ἄλλα
1416 1952 1514 2040 (oibuc

375 2058 435 2135 γὰρ
460 2055 555 2120 ὁποῖα
577 2057 617 2120 τὰ
639 2055 743 2136 λοιπά)
766 2055 833 2119 νόει
856 2075 908 2133 μοι
931 2056 1009 2118 κατὰ
1033 2055 1156 2138 (αυτόν,
1186 2055 1213 2120 ὦ
1239 2057 1389 2140 φιλότης,
1420 2059 1512 2124 οὐδὲν

375 2163 525 2240 περιττοῦ
559 2161 713 2236 δεόμενος
745 2159 853 2235 λόγου.
900 2161 981 2225 λέξω
1017 2161 1123 2239 μέντοι
1152 2164 1315 2244 τοιοῦτον,
1349 2163 1399 2230 ὼ(
1435 2165 1513 2242 πρὸ(

375 2263 531 2341 ἀλλήλους
556 2263 815 2343 ἐφιλονεικοῡμεν
838 2261 878 2326 δι’
898 2261 973 2341 ὅλη(
995 2266 1050 2340 τῆς
1072 2263 1199 2344 νυκτός,
1229 2263 1452 2344 ἁμιλλώμενοι
1474 2269 1514 2330 ric

376 2370 520 2445 φανεῖται
545 2367 680 2444 θατέρου
704 2367 825 2444 μᾶλλον
850 2364 934 2443 ἐρῶν
958 2366 1054 2446 κ.τ.ἕ.,
1078 2384 1161 2448 quae
1185 2368 1296 2430 tamen
1320 2369 1395 2452 ipsa
1419 2369 1514 2434 verba

375 2492 448 2536 cum
461 2472 601 2556 Apuleio
619 2471 758 2538 conleni
773 2474 911 2556 possunt
927 2471 961 2536 II
975 2473 1031 2536 17:
1049 2471 1239 2556 ‘proeliare’,
1254 2475 1373 2558 inquil,
1392 2477 1439 2541 “et
1453 2477 1513 2540 tor-

374 2581 450 2644 titer
467 2579 642 2664 proeliare3
661 2599 724 2644 nec
743 2580 829 2644 enim
847 2579 906 2644 tibi
926 2578 1037 2645 cedam
1056 2599 1117 2644 nec
1136 2585 1227 2664 terga
1245 2583 1396 2647 vortam'.
1437 2584 1513 2648 Cum

375 2687 494 2771 Apulei
513 2689 695 2752 narratione
714 2693 747 2752 et
765 2688 961 2752 Aristaeneti
978 2687 1114 2771 epistula
1130 2688 1229 2752 velim
1248 2709 1421 2774 compares
1441 2691 1514 2755 Pro

375 2795 470 2879 pertii
494 2793 733 2860 celeberrimam
753 2793 887 2878 elegiam
906 2794 939 2859 Π
957 2796 1007 2877 15,
1032 2815 1096 2878 qua
1114 2797 1242 2860 noctem
1262 2800 1425 2864 amatorie
1444 2819 1514 2865 cum

377 2902 517 2984 Cynthia
539 2907 701 2986 peractam
725 2900 886 2966 describit
925 2901 1010 2966 Num
1035 2907 1068 2967 et
1090 2902 1143 2966 hic
1171 2906 1399 2970 necessarium
1431 2907 1514 2972 dicas

377 3007 512 3092 elegiam
523 3007 818 3074 Alexandrinorum
830 3009 894 3073 illis
903 3008 1112 3093 scriptoribus
1122 3011 1290 3094 exemplar
1299 3013 1514 3096 praebuisse?

377 3118 431 3180 An
450 3117 528 3180 satis
546 3114 718 3198 videbitur,
741 3116 768 3179 si
787 3117 934 3181 extitisse
954 3116 1034 3181 tales
1053 3115 1093 3181 de
1111 3116 1303 3183 felicissima
1321 3125 1423 3186 nocte
1448 3141 1515 3185 nar·

377 3219 575 3284 ratiunculas
603 3218 664 3284 tibi
687 3219 868 3304 probamus,
898 3239 1034 3303 quarum
1063 3219 1102 3284 ad
1127 3219 1302 3304 exemplar,
1331 3224 1415 3305 quid
1439 3224 1514 3308 ipsis

378 3321 541 3404 acciderit,
565 3322 686 3387 referre
711 3323 892 3387 conantur?

468 3428 541 3493 Non
569 3429 664 3493 aliter
691 3435 788 3512 atque
817 3427 857 3494 de
884 3429 1042 3513 Propertii
1067 3429 1167 3514 1115,
1197 3429 1237 3495 de
1263 3430 1375 3496 Ovidii
1406 3433 1515 3517 elegiis

378 3531 411 3595 II
429 3533 457 3594 l.
474 3533 503 3614 8,
528 3550 709 3614 quaecum
733 3531 929 3596 Aristaeneti
954 3531 1091 3616 epistula
1113 3531 1180 3597 117
1208 3543 1407 3618 congruunt,
1437 3535 1516 3600 indi·

379 3633 518 3698 candum
542 3637 598 3698 est
630 3633 830 3716 Quamquam
852 3633 909 3698 illa
931 3632 971 3698 ad
994 3634 1129 3700 alterum
1153 3655 1258 3719 genus
1282 3640 1515 3720 narrationum,

379 3736 418 3800 ad
438 3736 574 3800 alterum
598 3737 719 3819 elegiae
739 3735 847 3800 Ovidii
865 3737 1028 3820 pertinent
1047 3775 1090 3784 —
1114 3744 1209 3821 poeta
1228 3739 1398 3805 Romanus
1423 3743 1465 3807 de
1483 3761 1515 3806 se

379 3833 557 3922 profitetur,
570 3838 656 3920 quod
669 3837 709 3903 de
722 3839 784 3902 alio
798 3837 936 3922 quodam
949 3841 1088 3924 epistula
1100 3847 1208 3906 namot
1220 3879 1274 3925 —,
1287 3851 1515 3928 argumentum

380 3949 488 4004 tamen
511 3938 597 4004 idem
622 3945 685 4005 ost:
715 3939 800 4025 apud
823 3947 996 4024 utrumque
1020 3943 1135 4007 ancilla
1159 3942 1309 4010 dominae
1333 3947 1448 4012 rivalis
1472 3947 1514 4010 fit

381 4041 474 4107 Certe
494 4041 628 4107 Ovidius
648 4043 811 4108 rhetorum
832 4061 911 4107 usus
931 4044 1078 4128 artificio,
1102 4045 1159 4128 qui
1182 4048 1364 4113 orationem
1384 4069 1427 4114 ex
1447 4069 1515 4112 nar·

380 4145 505 4209 ratione
521 4145 653 4210 efficere
670 4145 868 4210 conabantur
882 4147 934 4230 (cl.
946 4147 1033 4212 Theo
1050 4168 1117 4232 cap.
1130 4148 1186 4232 w,
1198 4149 1292 4214 Walz
1312 4151 1364 4216 ll
1380 4153 1398 4216 Ι
1412 4173 1442 4237 p.
1455 4155 1513 4216 194

382 4269 459 4333 sqq,
474 4251 614 4336 Spengel
625 4252 671 4315 l.l.
685 4252 718 4316 ΙΙ
730 4273 758 4336 p.
769 4253 808 4317 87
819 4253 910 4338 sqq),
926 4255 1199 4322 narratiunculam
1214 4257 1249 4320 in
1267 4257 1351 4324 duas
1366 4260 1515 4324 bauslert
