2962 4778
109 99 280 168 Quaestiones
289 101 497 156 Tertullianeae
507 101 543 156 ad
552 101 654 156 librum
663 102 805 158 Adversus
817 103 946 158 Praxean
959 105 1141 173 pertinentes.
1182 100 1224 162 59

114 293 160 355 mg.
177 273 281 337 ‘salus’
306 274 454 357 scripsit),
481 274 724 358 Hirsaugieusis
752 278 864 339 contra
892 276 947 339 ‘ita
970 276 1078 340 salvus
1110 277 1226 341 sim'e

114 377 235 459 margine
263 379 298 440 in
327 380 514 441 contextum
543 378 672 461 recepit
701 379 740 440 ‘si
769 378 936 443 voluisset’
961 398 978 443 e
1002 383 1159 444 contextu
1188 383 1221 443 in

117 480 270 563 marginem
286 481 409 562 reiecit
426 479 513 563 quod
527 480 669 544 Fsolum
685 480 864 565 descripsit
887 482 914 545 P
927 481 1049 546 codicis
1064 481 1225 564 librarius,

118 584 160 665 qni
178 584 243 646 aliis
262 583 343 647 locis
363 604 438 648 cum
457 584 491 647 M
511 583 622 648 codiee
642 585 825 649 consentire
844 585 933 667 solet
958 586 1011 650 hic
1032 606 1074 650 ex
1095 586 1226 651 Clunie-

120 686 187 749 censi
207 686 306 750 solam
328 687 483 771 marginis
507 688 629 770 recepit
651 687 831 752 lectionem.
863 691 940 752 Aut
962 689 1068 772 potius
1093 690 1225 754 Clunia·

120 789 200 852 censis
223 789 372 854 exhibuit
395 790 450 853 ‘ita
473 791 581 854 salvus
604 791 685 872 sim',
708 791 743 854 in
767 792 911 874 margine
931 791 971 855 ‘si
989 792 1164 872 voluisset,
1188 793 1223 857 M

120 895 219 956 rectum
245 913 288 956 ex
316 895 459 976 margine
484 895 517 956 in
542 897 731 959 contextum
758 896 891 978 recepit,
920 896 1057 960 alterum
1086 897 1223 979 margini

120 996 246 1079 ascripsit.
263 997 365 1061 altera
377 997 488 1060 classis
501 1000 613 1061 contra
624 997 709 1062 lecit,
726 997 808 1062 Utut
820 1005 877 1078 est
891 998 1005 1062 calami
1016 999 1109 1082 lapsu
1122 1004 1223 1063 ortam

121 1114 174 1161 csse
184 1098 394 1163 differentiam
405 1098 494 1163 vides
505 1099 839 1165 ITSIUOLUISSE'P:
852 1101 1081 1183 [trajanum]
1087 1101 1221 1166 USSIM.

120 1196 211 1265 Dicere
232 1202 335 1267 voluit
358 1208 486 1266 auctor:
511 1203 548 1283 u,
572 1204 628 1285 qui
652 1208 774 1286 patrem
799 1209 832 1267 et
854 1204 962 1268 filium
985 1205 1125 1269 eundem
1149 1225 1221 1270 esse

121 1301 262 1384 affirment
293 1305 406 1370 dicunt
434 1306 496 1370 hoe
525 1306 584 1370 deo
616 1305 754 1371 difficile
784 1327 849 1369 nou
877 1309 986 1372 fuisse,
1011 1307 1079 1373 ‘sed
1103 1309 1131 1371 si
1155 1311 1220 1372 taur

122 1402 225 1490 abrupte
245 1460 251 1472 .
268 1459 299 1472 ..
320 1409 379 1473 hac
399 1411 560 1473 sententia
579 1415 715 1490 utamur,
735 1410 865 1492 quidvis
886 1411 926 1476 de
949 1411 1009 1476 deo
1034 1413 1221 1494 confingere

122 1510 274 1593 poteriums,
299 1513 393 1595 quasi
410 1512 534 1591 fecerit,
559 1513 635 1596 quia
653 1514 760 1577 facere
779 1515 941 1596 potuerit,
965 1514 1107 1579 sednon
1127 1535 1224 1598 quae-

122 1627 230 1697 cumque
244 1616 352 1680 fecere
371 1616 485 1700 potuit
500 1615 595 1691 fecit3
614 1615 720 1698 potuit
736 1620 772 1677 ut
790 1615 908 1697 miluis,
928 1618 972 1679 ita
988 1622 1020 1680 et
1036 1618 1222 1681 hominibus

120 1733 215 1795 pennas
236 1722 322 1802 dare,
350 1721 496 1787 sednon
523 1721 609 1799 tecit,
638 1721 744 1804 potuit
766 1738 880 1783 omues
910 1719 1087 1782 haereticos
1116 1720 1223 1783 statim

121 1819 290 1906 extinguere,
320 1832 427 1889 tamen
458 1843 524 1888 non
552 1823 637 1887 fecit
675 1823 863 1905 Sequuntur
893 1840 981 1885 nunc
1011 1820 1109 1884 verba
1139 1840 1244 1907 quae,

120 1922 223 1990 seclusit
240 1928 485 2010 Kroymannus:
511 1925 688 2010 ‘oportebat
706 1926 793 1990 enim
817 1928 849 1989 et
871 1924 988 1988 miluos
1008 1943 1078 1989 esse
1097 1927 1130 1988 et
1148 1925 1224 1989 hae·

118 2026 217 2111 reticos,
246 2030 412 2115 oportebat
439 2038 472 2094 et
494 2035 616 2114 patrem
645 2029 815 2111 crucifigi?
847 2026 910 2092 Sed
938 2048 1003 2091 uon
1033 2031 1111 2111 puto
1141 2028 1223 2092 haec

118 2125 264 2210 singularia
287 2133 386 2199 verba
402 2134 593 2217 interpolata
608 2153 695 2211 esse3
720 2153 778 2217 per
796 2134 933 2196 ironiam
949 2133 1035 2196 enim
1054 2136 1087 2197 et
1104 2132 1222 2196 acerbo

116 2224 176 2293 ioco
194 2234 267 2301 dicit
293 2237 526 2301 Tertullianus:
558 2236 736 2320 ‘oportebat
765 2237 852 2300 euim
883 2239 915 2300 et
942 2235 1060 2299 miluos
1089 2255 1160 2300 esse
1189 2239 1224 2300 et

116 2326 275 2420 haereticos,
300 2338 467 2422 oportebat
489 2343 522 2402 et
544 2345 665 2422 patrem
685 2338 845 2419 crucifigi'
867 2369 900 2391 =
923 2359 954 2404 aa
972 2360 1040 2403 war
1059 2338 1137 2404 wohl
1155 2346 1221 2404 not·

115 2440 218 2528 werdig,
240 2444 305 2527 dall
326 2464 357 2508 ee
379 2442 489 2508 rolcdm
513 2443 658 2509 Geeiadal
679 2444 761 2529 pride.
795 2442 892 2507 Dices
917 2441 1015 2507 verba
1037 2443 1082 2506 ‘et
1103 2443 1221 2507 miluus

115 2542 180 2602 ³⁸⁸&
192 2546 349 2628 prioribus
367 2565 481 2629 parum
501 2544 712 2629 respondere3
732 2565 797 2609 non
817 2543 943 2608 dixerat
962 2543 1058 2608 deum
1079 2545 1224 2627 potuisse

114 2638 208 2710 miluos
223 2649 424 2732 extinguere.
457 2647 560 2727 Certe,
576 2646 634 2711 sed
653 2667 728 2712 cum
747 2654 840 2710 antea
859 2647 1004 2711 homines
1021 2666 1095 2710 cum
1111 2647 1221 2710 miluis

114 2756 313 2835 comparasset
330 2750 476 2816 secundo
493 2751 659 2815 enuntiato
676 2749 842 2815 addiderat
857 2752 1001 2834 potuisse
1014 2749 1110 2815 derum
1123 2751 1221 2815 etiam

114 2861 203 2917 Omnes
218 2857 395 2922 haereticos
412 2858 618 2940 extinguere3
644 2855 761 2920 addere
785 2855 889 2939 potuit
907 2855 1003 2919 ‘sicut
1025 2860 1059 2918 et
1081 2854 1219 2936 miluos’,

114 2948 160 3012 sed
178 2953 299 3024 brevius
324 2960 471 3024 homines
492 2960 588 3023 hosce
607 2978 682 3023 cum
705 2958 815 3022 miluis
835 2957 1005 3021 inutilibus
1023 2976 1100 3020 sane
1120 2959 1153 3021 et
1170 2957 1221 3019 iu·

115 3049 176 3119 risis
195 3059 301 3126 bestiis
321 3082 524 3146 comparans:
550 3081 680 3127 causam
704 3063 877 3140 nescimus,
902 3061 954 3140 ait
979 3059 1035 3124 sed
1056 3059 1222 3143 oportebat

114 3152 244 3245 (Εῗμαρτο)
263 3166 442 3231 haereticos
458 3184 529 3229 esse
549 3165 635 3230 sicut
649 3165 775 3246 miluos,
792 3163 958 3247 oportebat
973 3163 1124 3227 insanum
1139 3161 1221 3226 illud

115 3258 140 3315 el
161 3270 366 3344 perniciosum
394 3268 510 3353 dogma
537 3268 684 3352 proferri.
720 3267 800 3345 Quis
828 3266 934 3331 scriba
961 3266 1038 3330 talia
1060 3285 1223 3330 commen·

114 3357 226 3433 labitur!
253 3372 369 3437 Libere
391 3371 573 3436 incedentis
596 3370 829 3455 indignationis
853 3391 918 3434 non
938 3370 1044 3433 omnia
1064 3368 1161 3434 rerba
1180 3369 1221 3433 ad

114 3456 215 3544 ¹⁰85an
235 3477 311 3540 artis
334 3477 464 3559 regulas
487 3475 668 3540 revocanda
692 3479 778 3558 puto.

548 3737 763 3745 —————-
