2872 4822
236 114 301 176 220
662 120 779 175 Victor
800 119 943 187 Coulon,

236 293 303 357 solo
327 292 426 356 verbo
450 293 659 373 ἐξελεγχθέντ’
680 291 941 375 coniungendam
962 298 994 356 et
1012 293 1111 356 αὐτόν
1129 292 1291 356 infinitivo
1309 314 1386 361 πα-

235 396 322 461 τάξαι
346 399 454 459 mente
477 395 661 460 addendum
686 400 741 460 est.

325 498 364 561 In
388 519 417 561 ν.
443 501 506 562 775
530 503 597 562 τῶν
621 499 807 573 ἀντιλογιῶν
836 501 885 562 καὶ
908 501 1062 575 λυγιςμῶν
1086 501 1137 561 καὶ
1161 503 1310 578 ςτροφῶν
1336 501 1369 562 in

236 600 467 684 urrunnun,
484 601 571 684 quod
588 603 683 666 etiam
700 603 817 666 lemme
832 602 930 666 schol.
942 602 1000 666 RV
1008 608 1065 682 est
1080 602 1257 666 invenitur.
1280 601 1364 677 Quae

236 725 302 768 vox
313 706 429 768 ceteris
440 704 606 769 codicibus
619 706 816 786 confirmata
831 706 895 767 nisi
906 705 989 786 quod
1002 705 1050 768 Μ1
1064 710 1222 784 λογιςμῶν
1233 704 1357 782 exhibet,

236 807 307 871 sine
335 807 433 871 dubio
461 810 602 890 genuina
630 815 690 889 est,
719 809 908 890 praesertim
937 828 1011 871 cum
1039 807 1147 891 lepide
1175 811 1356 884 hunchune

236 910 428 974 luctantium
452 930 599 974 sermone
627 909 668 974 ad
695 911 911 993 sophistarum
939 911 1079 974 artificia
1106 911 1294 975 translatum
1318 911 1354 972 sit

237 1013 353 1076 Varias
365 1019 472 1077 autem
484 1014 581 1077 schol.
594 1014 748 1078 lectiones
765 1017 931 1095 λογιςμῶν,
948 1018 1090 1095 καμπῶν,
1107 1018 1258 1091 καμπτῶν
1270 1031 1355 1094 gram·

236 1116 426 1179 maticorum
450 1116 768 1199 interpretationibus
792 1116 900 1181 deberi
925 1116 1132 1180 manifestum
1157 1121 1214 1179 est.

328 1219 366 1281 In
387 1240 414 1282 v.
432 1221 496 1283 838
521 1220 549 1284 R
569 1220 739 1298 ἀθύρωτον
763 1220 862 1297 ςτόμα
882 1219 1020 1302 praebet,
1037 1219 1067 1280 V
1084 1223 1117 1282 et
1135 1219 1235 1283 schol.
1248 1219 1277 1279 V
1293 1219 1357 1282 ἀπύ

238 1326 344 1386 λιυτον
364 1323 476 1400 ςτόμαε
495 1324 685 1402 Φρύνιχος
705 1322 882 1400 ἀθύρωτον.
899 1323 929 1386 οἱ
946 1326 982 1387 δὲ
998 1321 1175 1401 γράφουςιν
1193 1322 1359 1385 ἀπύλωτον.

239 1423 337 1507 Apud
365 1425 497 1489 Suidam
526 1426 608 1489 duae
637 1425 858 1489 adnotationes
882 1423 930 1488 ad.
955 1426 985 1487 h.
1010 1445 1038 1487 v.
1062 1424 1157 1487 nobis
1181 1428 1360 1488 occurrunt:

233 1526 411 1606 Ἀθύρωτον
435 1529 548 1607 ςτόμα·
578 1528 682 1592 οὓτως
711 1529 890 1610 ἀθύρωτον,
920 1530 979 1591 οὐκ
1003 1528 1183 1592 ἀπύλωτον.
1216 1530 1363 1607 Ἀριςτο-

239 1631 362 1708 φάνης
386 1631 421 1693 ἐν
442 1631 617 1709 Βατράχοις
637 1634 685 1694 καὶ
701 1632 892 1709 Φρύνιχος
917 1641 949 1695 et
971 1633 1150 1694 Ἀπύλωτον
1170 1633 1281 1709 ςτόμα·
1298 1629 1365 1693 aab

239 1753 353 1814 ρωτον,
382 1734 448 1796 ἀλλ’
470 1734 528 1797 οὐκ
553 1736 730 1798 ἀπύλωτον.
759 1735 1027 1812 Ἀριςτοφάνης
1058 1732 1091 1796 ἐν
1122 1734 1296 1811 Βατράχοις
1323 1734 1367 1795 καὶ

240 1839 440 1917 Φρύνιχος.
474 1839 566 1915 Quod
585 1839 778 1903 Dindoriius
797 1839 971 1921 plaudente
990 1839 1115 1902 Kockio
1138 1839 1166 1918 (I
1183 1841 1250 1902 390
1266 1839 1303 1902 fr.
1320 1840 1368 1917 82)

239 1940 464 2022 Phrynichum
495 1942 655 2005 comicum
682 1942 927 2025 intellegentum
955 1962 1026 2006 esse
1056 1942 1197 2021 censuit,
1226 1941 1260 2004 id
1287 1961 1370 2004 nunc

240 2044 414 2107 refutatum
438 2052 488 2109 est
510 2046 566 2125 eis,
591 2065 674 2127 quae
693 2046 965 2109 Reitzensteinius
989 2046 1023 2107 in
1042 2045 1133 2126 libro,
1158 2045 1237 2126 quid
1263 2045 1371 2108 inseri·

240 2147 329 2211 bitur
352 2148 439 2212 “Der
455 2149 586 2232 Anfang
602 2149 658 2212 des
676 2149 839 2213 Lexihons
857 2149 914 2212 des
929 2148 1098 2230 Photius'’‚
1123 2149 1163 2211 de
1187 2149 1371 2230 Phrynicho

240 2251 339 2314 lexici
360 2252 508 2315 Photiani
528 2259 659 2316 auctore
679 2252 863 2335 disputavit
887 2253 943 2315 ubi
962 2253 1068 2334 glossa
1087 2256 1197 2315 nostra
1216 2272 1246 2335 p.
1263 2255 1315 2334 43,
1333 2253 1371 2314 25

240 2355 414 2418 invenitur.
449 2356 549 2419 Recte
574 2357 675 2439 igitur·
698 2355 880 2419 Meinekius
905 2354 1113 2418 iudicaverat.

331 2458 377 2520 ln.
402 2479 430 2521 ν.
458 2462 542 2522 1505
563 2462 612 2522 καὶ
630 2461 772 2523 τουτουςὶ
790 2462 864 2522 τοῑςι
883 2463 1044 2535 ποριςταῑς
1063 2458 1098 2521 R.
1119 2458 1254 2522 exhibet
1270 2462 1373 2538 τούτο,

243 2561 270 2620 V
295 2562 401 2625 τουτοϊ
423 2566 532 2643 (supra
547 2582 565 2623 a
581 2580 626 2644 pr.
644 2582 683 2624 m.
699 2583 747 2639 γρ.
764 2562 907 2640 τούτοις),
924 2561 1079 2639 γράφεται
1099 2563 1149 2624 καὶ
1168 2565 1302 2625 τουτοιςὶ
1319 2561 1373 2624 lh.

241 2663 279 2726 In
304 2664 402 2726 schol.
428 2664 456 2724 V
480 2665 596 2727 lemma
620 2670 668 2728 est
690 2667 815 2728 τούτοις
840 2668 915 2727 τοῑςι
938 2668 1105 2743 ποριςταῑς,
1130 2664 1185 2726 cui
1202 2664 1373 2745 explicatio

242 2766 288 2845 εἴη
314 2767 342 2830 δ’
360 2767 398 2830 ἀν
419 2769 563 2848 ςχοινίον,
588 2769 605 2830 ὃ
631 2769 807 2831 ἐπιδίδωςιν
824 2767 928 2830 αὐτοῖς
952 2765 1059 2829 additu
1075 2769 1131 2830 est.
1157 2765 1247 2842 Quae
1265 2787 1283 2829 a
1300 2767 1374 2830 lem·

241 2877 325 2933 mate
356 2889 487 2952 prorsus
517 2870 622 2933 aliena
651 2869 691 2933 ad
718 2871 908 2952 scripturam
933 2869 961 2932 R
986 2873 1083 2933 τούτο
1107 2869 1159 2933 vel
1187 2870 1294 2933 simile
1320 2868 1375 2932 ali-

242 2973 322 3055 quid
346 2974 492 3056 pertinet
518 2993 592 3036 curn
611 2976 749 3051 exorator
773 2973 915 3052 intellegi
936 2971 1116 3036 adnotetur.
1140 2973 1325 3036 Meinekius
1342 2974 1375 3035 in

244 3076 339 3139 Viud.
365 3081 419 3139 Ar.
439 3097 467 3159 p.
490 3079 552 3139 182
576 3079 710 3140 τουτοιςὶ
734 3097 808 3139 otini
832 3076 880 3139 Ml
911 3076 1039 3158 scripsit
1062 3076 1209 3138 homines
1238 3077 1318 3139 istos
1343 3077 1374 3138 in

242 3180 366 3242 theatro
391 3180 540 3242 sedentes
564 3177 664 3262 digito
690 3180 792 3242 notari
817 3179 998 3241 arbitratus
1023 3178 1087 3242 Sed
1112 3198 1186 3241 cum
1212 3198 1253 3240 ex
1280 3180 1375 3242 variis

244 3283 391 3347 codicum
421 3283 616 3346 lectionibus
645 3286 797 3366 appareat
819 3284 907 3346 hunc
930 3282 1040 3345 locum
1064 3283 1282 3346 vetustissima
1307 3303 1376 3346 cor·

244 3386 369 3468 ruptela
386 3385 540 3461 laborare,
560 3405 624 3448 non
645 3385 756 3449 dubito
777 3406 850 3448 cum
870 3384 1003 3465 Koehio,
1029 3384 1178 3465 Velseno,
1203 3384 1378 3466 Blaydesio

244 3489 375 3569 Borghii
403 3487 657 3551 emendationem
688 3491 833 3552 roucourt
864 3486 1007 3570 probare,
1039 3506 1121 3568 quae
1149 3489 1253 3569 magis
1281 3508 1376 3570 quam

242 3593 375 3654 τουτοιςὶ
398 3591 476 3653 mihi
497 3591 623 3654 arridet.
648 3591 679 3654 U
712 3591 856 3654 enimin
875 3611 903 3652 ν.
931 3592 1017 3654 1504
1041 3592 1124 3653 τουτὶ
1148 3611 1205 3672 pro
1229 3590 1378 3654 substan-

242 3696 308 3757 tivo
332 3696 368 3758 τὸ
393 3696 484 3773 ξίφος
506 3695 554 3757 sio
577 3695 610 3756 in
635 3699 744 3757 nostro
769 3714 797 3757 v.
821 3696 964 3757 roucourt
988 3713 1044 3775 pro
1060 3695 1134 3757 τοὺς
1160 3695 1302 3772 βρόχους
1326 3715 1376 3758 co·

244 3799 348 3861 micus
372 3797 463 3878 dixit
487 3798 507 3860 i.
532 3818 558 3860 e.
582 3798 724 3879 laqueos,
750 3817 830 3878 quos
854 3796 949 3860 Pluto
973 3795 1137 3877 Aeschylo
1162 3796 1297 3861 daturus
1321 3803 1373 3861 est

333 3901 370 3963 ln
396 3900 564 3964 Nubium
584 3921 612 3963 v.
628 3903 692 3963 274
712 3899 910 3964 ύπακούςατε
935 3901 1099 3976 δεξάμεναι
1119 3901 1228 3964 θυείαν
1245 3904 1296 3964 καὶ
1314 3904 1373 3964 τοῖς

243 4005 347 4085 ἱεροῖο
372 4009 509 4083 χαρεῑςαι
529 4006 687 4087 scriptura
706 4004 736 4064 V
753 4007 897 4081 φονεῑςαι
914 4022 970 4086 pro
989 4007 1124 4082 χαρεῑςαι
1141 4003 1191 4084 (R)
1208 4003 1293 4068 haud
1311 4006 1372 4067 scio
