3406 4786
169 313 316 385 Epistulae
327 315 483 371 amatoriae
498 315 640 385 quomodo
651 316 823 373 cohaereant
829 318 998 389 eumelegiis
1006 318 1212 375 Alexandrinis.
1241 314 1303 377 111

171 506 269 552 nemo
287 487 457 552 mirabitur
474 488 510 551 in
529 487 724 571 quibusdam
741 491 910 554 sententiis
929 509 984 555 eos
1004 493 1194 557 consentire.
1222 491 1306 557 (lon-

172 592 260 656 feras
284 611 361 674 ergo
386 591 539 656 Ovidium
557 593 574 656 Ι
590 593 641 675 10,
658 594 799 657 21-24.
816 595 870 659 41.
888 595 948 658 42:

337 726 406 792 Stat
428 729 582 792 meretrix
606 733 694 793 certo
718 729 823 793 cuivis
847 728 1028 794 mercabilis
1052 748 1135 812 aere,

389 831 432 896 nt
454 833 588 897 miseras
610 834 698 897 iusso
724 851 856 916 corpore
880 833 1007 916 quaerit
1029 853 1122 918 opes3

336 933 482 1000 Devovet
504 936 676 1020 imperinm
699 938 807 1001 tamen
830 936 909 1001 haec
930 935 1057 1001 lenonis
1080 936 1169 1001 avari

389 1037 440 1120 Et
464 1038 550 1121 qnod
573 1057 632 1102 vos
654 1039 761 1103 facitis
784 1041 905 1123 sponte,
931 1044 1040 1104 coacta
1062 1039 1149 1104 facit

336 1141 440 1225 Turpe
463 1141 525 1205 tori
547 1140 655 1206 reditu
678 1160 795 1206 census
818 1159 937 1225 augere
959 1147 1110 1224 paternos

390 1243 433 1308 Et
454 1243 571 1308 faciem
594 1243 685 1309 lucro
708 1243 909 1327 prostituisse
934 1263 1034 1309 suam.

174 1381 208 1443 et
225 1378 456 1443 Philostratum
476 1379 517 1442 23
534 1380 618 1462 (45):
643 1378 704 1444 ἔετι
728 1378 757 1444 δ’
774 1379 836 1460 οὐχ
859 1379 963 1445 οὓτω(
986 1379 1056 1459 ἐμοὶ
1079 1382 1187 1446 δεινὸν
1207 1383 1244 1446 τὸ
1265 1382 1306 1459 μή

174 1484 267 1565 ἔχειν,
296 1483 341 1548 ὡς
370 1484 418 1548 coi
444 1483 526 1562 πρὸ(
555 1481 731 1563 αῐεχύνην
753 1483 790 1546 τὸ
814 1485 925 1562 μιεθοῡ
949 1487 1069 1563 φιλεῖν·
1101 1483 1226 1564 ἑταίραε
1248 1487 1307 1564 μὲν

172 1586 235 1664 γὰρ
252 1586 348 1666 ἔργον
364 1585 542 1666 προείεεθαι
560 1587 637 1651 τοὺε
658 1586 714 1650 τὰ(
733 1585 874 1664 εαρίεεαε
898 1585 1030 1664 ἔχοντα(
1048 1588 1098 1651 καὶ
1113 1586 1170 1652 τὰε
1186 1588 1306 1653 επάθαε

174 1690 221 1754 iiic
246 1690 378 1768 ἑτοίμως
401 1689 559 1771 διδόντας,
589 1689 739 1764 γυναικὸε
763 1690 790 1752 δ’
814 1689 982 1769 ἐλευθέρα(
1005 1691 1088 1769 πρὸ(
1114 1691 1152 1755 τὸ
1182 1691 1307 1769 βέλτιον

174 1792 224 1858 ἀεὶ
247 1795 374 1871 βλέπειν
399 1794 449 1856 καὶ
471 1792 508 1856 τὸ
533 1792 670 1872 χρηετὸν
695 1792 729 1855 ἐν
753 1790 861 1876 εὐνοίᾳ
883 1794 1025 1857 τίθεεθαι.

266 1900 366 1964 Vides
389 1918 431 1964 ne
451 1918 638 1964 communes
662 1897 793 1982 quidem
815 1899 903 1963 locos
925 1901 998 1983 apte
1017 1899 1078 1964 sibi
1101 1899 1306 1984 respondere.

172 2002 352 2068 Rhetorum
376 2021 470 2085 porro
490 2004 540 2066 est
561 2002 733 2084 imaginem
754 2000 807 2066 dei
826 2022 902 2066 cum
919 2007 1035 2067 natura
1053 2005 1124 2068 eius
1143 2004 1305 2083 conterre3

173 2104 252 2170 inde
264 2124 374 2170 omnes
385 2105 469 2189 illae,
486 2124 565 2188 quas
582 2123 680 2188 supra
695 2125 724 2188 p.
738 2105 781 2168 14
794 2106 1125 2190 commemoravimus,
1141 2106 1307 2172 ἀναεκευαί

174 2212 209 2274 et
223 2209 405 2273 noromensi
420 2208 679 2293 proficiscuntur,
698 2228 834 2291 quarum
851 2208 1035 2292 exemplum
1052 2209 1307 2273 vetustissimum

175 2312 267 2377 Plato
289 2311 422 2396 praebet
444 2312 479 2374 in
504 2312 660 2376 Convivio
678 2332 708 2396 p.
726 2313 790 2376 203
808 2332 833 2376 c.
851 2310 887 2375 d:
912 2316 1044 2391 πρῶτον
1068 2315 1124 2391 μὲν
1143 2313 1241 2391 πὲνηε
1260 2311 1307 2377 ἀεί

174 2417 244 2497 ἐστι,
260 2417 310 2479 καὶ
331 2418 456 2480 πολλοῦ
474 2418 520 2480 δεῖ
535 2415 659 2480 ἁπαλός
675 2436 709 2479 τε
725 2416 776 2479 καὶ
791 2414 897 2497 καλός,
915 2414 985 2479 οἷον
1001 2414 1031 2479 οἱ
1046 2417 1162 2480 πολλοὶ
1178 2415 1307 2496 οἴονται,

174 2520 257 2583 ἀλλὰ
284 2519 418 2597 εκληρὸε
445 2520 494 2582 καὶ
522 2517 685 2597 αὐχμηρὸς
713 2520 762 2582 καὶ
790 2517 993 2596 ἀνυπόδητοι
1021 2521 1072 2582 καὶ
1099 2517 1221 2600 ἄοικος,
1252 2539 1308 2597 χα-

175 2623 323 2700 μαιπετήε
352 2620 400 2685 ἀεὶ
423 2620 470 2684 ὢν
493 2621 543 2685 καὶ
566 2620 728 2700 ἄετρωτοε
854 2619 902 2684 ἀεὶ
925 2620 1030 2704 ἐνδείᾳ
1057 2622 1209 2686 ξύνοικοι.
1248 2620 1307 2685 [lla

174 2723 275 2806 igitur
286 2728 398 2804 aetate,
416 2743 481 2806 qua
491 2725 594 2787 Amor
604 2723 672 2788 fere
684 2742 810 2808 semper
820 2722 929 2787 nudus
942 2723 1129 2806 fingebatur
1144 2723 1196 2806 (cf.
1210 2724 1306 2789 etiam

174 2824 326 2907 Roscher,
350 2825 495 2890 Lexicon
511 2825 568 2890 der
582 2825 807 2910 griechischen
822 2823 891 2889 und
905 2826 1090 2890 romischen
1105 2825 1306 2910 Mythologie

174 2929 192 2992 Ι
206 2930 224 2991 1
237 2947 266 3011 p.
281 2929 366 2992 1350
374 2930 462 3011 sqq.),
475 2928 537 2992 hoc
548 2929 723 2993 artificiose
739 2929 991 3013 interpretantur
1001 2930 1155 3013 rhetores
1169 2950 1305 3013 quornm

176 3031 391 3096 Philostratus
409 3033 555 3116 proxime
574 3031 614 3096 ad
633 3031 800 3097 Platonem
819 3032 976 3097 accedens
995 3032 1102 3097 verbis
1120 3035 1137 3096 7
1156 3033 1237 3115 (44):
1257 3036 1307 3098 καὶ

176 3135 238 3212 μήν
254 3136 304 3198 καὶ
320 3134 417 3199 αὐτὸ(
433 3132 571 3213 δἜρωε
587 3135 706 3213 γυμνός
723 3135 783 3199 ten
801 3157 827 3199 κ.
839 3156 864 3199 τ.
878 3136 902 3200 ἕ.
918 3134 1042 3199 nudum
1058 3135 1140 3219 tingi
1152 3136 1306 3200 Amorem

177 3237 263 3320 dicit
287 3237 363 3320 quia
380 3239 450 3321 ipse
470 3256 628 3321 pauper
651 3238 709 3316 sit;
733 3237 928 3322 Propertius,
949 3258 1024 3303 cum
1044 3241 1175 3303 ornatus
1193 3239 1308 3304 muh'e·

177 3340 243 3404 bris
266 3340 417 3424 poscitur,
441 3340 540 3424 12,8
564 3341 753 3424 respondet:

352 3475 469 3540 Nudus
493 3478 594 3541 Amor
616 3475 737 3542 formae
760 3496 826 3542 non
849 3481 934 3540 amat
956 3476 1130 3554 artificem3

177 3609 313 3675 Ovidius
337 3611 484 3676 versibus
507 3611 747 3695 110‚15sqq.:

267 3745 309 3810 Et
330 3765 412 3829 puer
435 3749 484 3810 est
507 3750 540 3811 et
561 3745 670 3810 nudus
693 3748 809 3827 Amor3
834 3747 905 3811 sine
928 3746 1077 3811 sordibus
1100 3764 1201 3810 annos

320 3853 363 3917 ht
385 3853 489 3918 nullas
513 3859 628 3936 vestae,
651 3860 688 3918 ut
711 3855 754 3918 sit
776 3858 915 3938 apertus,
937 3853 1042 3918 habet

172 4038 173 4041 Ἴ
268 3960 354 4038 Quid
376 3981 514 4046 puerum
536 3961 674 4025 Veneris
697 3962 801 4045 pretio
824 3963 969 4045 prostare
991 3961 1134 4026 iubetis?

322 4068 392 4146 Quo
416 4069 553 4152 pretium
577 4067 701 4150 condat,
725 4088 791 4132 non
814 4067 910 4133 habet
931 4068 985 4133 ille
1008 4069 1123 4133 sinum.

178 4204 331 4265 Amorem
343 4199 428 4264 lucri
440 4194 572 4264 miniine
585 4197 740 4282 cupidum
752 4216 857 4281 neque
868 4217 1002 4282 poscere
1014 4198 1186 4283 pecuniam
1200 4217 1308 4282 neque
