<?xml version="1.0" encoding="UTF-8"?>
<!DOCTYPE html PUBLIC "-//W3C//DTD XHTML 1.0 Transitional//EN"
    "http://www.w3.org/TR/xhtml1/DTD/xhtml1-transitional.dtd">
<html xmlns="http://www.w3.org/1999/xhtml" xml:lang="en" lang="en">
 <head>
  <title>
</title>
<meta http-equiv="Content-Type" content="text/html;charset=utf-8" />
  <meta name='ocr-system' content='tesseract 3.04.00' />
  <meta name='ocr-capabilities' content='ocr_page ocr_carea ocr_par ocr_line ocrx_word'/>
</head>
<body>
  <div class='ocr_page' id='page_1' title='image "./dissertationesp03stragoog_0035.png"; bbox 0 0 2978 4814; ppageno 0'>
   <div class='ocr_carea' id='block_1_1' title="bbox 290 325 999 405">
    <p class='ocr_par' dir='ltr' id='par_1_1' title="bbox 290 325 999 405">
     <span class='ocr_line' id='line_1_1' title="bbox 290 325 999 405; baseline 0 -15"><span class='ocrx_word' id='word_1_1' title='bbox 290 325 335 390; x_wconf 82' lang='grc'>28</span> <span class='ocrx_word' id='word_1_2' title='bbox 721 333 837 390; x_wconf 81' lang='lat' dir='ltr'>Victor</span> <span class='ocrx_word' id='word_1_3' title='bbox 856 333 999 405; x_wconf 72' lang='lat' dir='ltr'>(toulon,</span> 
     </span>
    </p>
   </div>
   <div class='ocr_carea' id='block_1_2' title="bbox 290 500 1425 1001">
    <p class='ocr_par' dir='ltr' id='par_1_2' title="bbox 352 500 1105 591">
     <span class='ocr_line' id='line_1_2' title="bbox 352 500 1105 591; baseline 0.008 -26"><span class='ocrx_word' id='word_1_4' title='bbox 352 528 408 566; x_wconf 84' lang='lat' dir='ltr'>vss.</span> <span class='ocrx_word' id='word_1_5' title='bbox 612 506 642 571; x_wconf 87' lang='lat' dir='ltr'><strong>R</strong></span> <span class='ocrx_word' id='word_1_6' title='bbox 665 511 697 571; x_wconf 88' lang='lat' dir='ltr'>et</span> <span class='ocrx_word' id='word_1_7' title='bbox 720 506 811 572; x_wconf 83' lang='lat' dir='ltr'><strong>codd.</strong></span> <span class='ocrx_word' id='word_1_8' title='bbox 828 509 884 590; x_wconf 90' lang='lat' dir='ltr'>qui</span> <span class='ocrx_word' id='word_1_9' title='bbox 908 527 965 591; x_wconf 90' lang='lat' dir='ltr'>pro</span> <span class='ocrx_word' id='word_1_10' title='bbox 982 500 1105 572; x_wconf 52' lang='lat' dir='ltr'>V&#39;sunt</span> 
     </span>
    </p>

    <p class='ocr_par' dir='ltr' id='par_1_3' title="bbox 290 608 1425 795">
     <span class='ocr_line' id='line_1_3' title="bbox 290 608 1425 676; baseline 0.004 -4"><span class='ocrx_word' id='word_1_11' title='bbox 290 608 373 672; x_wconf 79' lang='lat' dir='ltr'>Ach.</span> <span class='ocrx_word' id='word_1_12' title='bbox 384 609 449 673; x_wconf 87' lang='lat'>386</span> <span class='ocrx_word' id='word_1_13' title='bbox 473 610 556 673; x_wconf 89' lang='lat' dir='ltr'>trim.</span> <span class='ocrx_word' id='word_1_14' title='bbox 571 609 665 674; x_wconf 87' lang='lat' dir='ltr'>iamb.</span> <span class='ocrx_word' id='word_1_15' title='bbox 791 613 884 676; x_wconf 85' lang='grc' dir='ltr'>ἕνεκα</span> <span class='ocrx_word' id='word_1_16' title='bbox 1183 631 1271 676; x_wconf 90' lang='lat' dir='ltr'>num.</span> <span class='ocrx_word' id='word_1_17' title='bbox 1285 630 1351 676; x_wconf 92' lang='lat' dir='ltr'>uon</span> <span class='ocrx_word' id='word_1_18' title='bbox 1361 612 1425 676; x_wconf 88' lang='lat' dir='ltr'>inv.</span> 
     </span>
     <span class='ocr_line' id='line_1_4' title="bbox 383 713 908 795; baseline 0.006 -20"><span class='ocrx_word' id='word_1_19' title='bbox 383 714 447 776; x_wconf 86' lang='lat'>958</span> <span class='ocrx_word' id='word_1_20' title='bbox 506 762 522 795; x_wconf 92' lang='grc'>,</span> <span class='ocrx_word' id='word_1_21' title='bbox 614 763 631 794; x_wconf 83' lang='grc'>,,</span> <span class='ocrx_word' id='word_1_22' title='bbox 790 713 908 782; x_wconf 65' lang='grc' dir='ltr'>οὕνεκα</span> 
     </span>
    </p>

    <p class='ocr_par' dir='ltr' id='par_1_4' title="bbox 290 811 909 1001">
     <span class='ocr_line' id='line_1_5' title="bbox 290 811 909 898; baseline 0.006 -21"><span class='ocrx_word' id='word_1_23' title='bbox 290 811 347 878; x_wconf 82' lang='lat' dir='ltr'>Ec.</span> <span class='ocrx_word' id='word_1_24' title='bbox 385 816 448 879; x_wconf 89' lang='grc'>106</span> <span class='ocrx_word' id='word_1_25' title='bbox 506 865 523 897; x_wconf 95' lang='grc'>,,</span> <span class='ocrx_word' id='word_1_26' title='bbox 615 866 631 898; x_wconf 91' lang='grc'>,,</span> <span class='ocrx_word' id='word_1_27' title='bbox 792 816 909 882; x_wconf 77' lang='grc' dir='ltr'>οὕνεκα</span> 
     </span>
     <span class='ocr_line' id='line_1_6' title="bbox 384 921 885 1001; baseline 0.004 -19"><span class='ocrx_word' id='word_1_28' title='bbox 384 921 447 984; x_wconf 80' lang='lat'>170</span> <span class='ocrx_word' id='word_1_29' title='bbox 506 968 524 1001; x_wconf 85' lang='lat'>‚,</span> <span class='ocrx_word' id='word_1_30' title='bbox 615 969 632 1001; x_wconf 81' lang='lat'>,‚</span> <span class='ocrx_word' id='word_1_31' title='bbox 791 922 885 985; x_wconf 88' lang='grc' dir='ltr'>ἕνεκα</span> 
     </span>
    </p>
   </div>
   <div class='ocr_carea' id='block_1_3' title="bbox 383 1022 1403 1209">
    <p class='ocr_par' dir='ltr' id='par_1_5' title="bbox 383 1022 1403 1209">
     <span class='ocr_line' id='line_1_7' title="bbox 383 1022 885 1105; baseline 0.006 -20"><span class='ocrx_word' id='word_1_32' title='bbox 383 1022 446 1085; x_wconf 80' lang='grc'>367</span> <span class='ocrx_word' id='word_1_33' title='bbox 506 1071 523 1104; x_wconf 90' lang='grc'>,,</span> <span class='ocrx_word' id='word_1_34' title='bbox 615 1072 631 1105; x_wconf 98' lang='grc'>,,</span> <span class='ocrx_word' id='word_1_35' title='bbox 792 1025 885 1088; x_wconf 83' lang='grc' dir='ltr'>ἕνεκα</span> 
     </span>
     <span class='ocr_line' id='line_1_8' title="bbox 384 1122 1403 1209; baseline 0.004 -23"><span class='ocrx_word' id='word_1_36' title='bbox 384 1125 448 1186; x_wconf 90' lang='grc'>559</span> <span class='ocrx_word' id='word_1_37' title='bbox 507 1173 524 1206; x_wconf 95' lang='grc'>,,</span> <span class='ocrx_word' id='word_1_38' title='bbox 616 1174 633 1206; x_wconf 94' lang='grc'>,,</span> <span class='ocrx_word' id='word_1_39' title='bbox 793 1122 915 1190; x_wconf 77' lang='grc' dir='ltr'>οὕνεκά</span> <span class='ocrx_word' id='word_1_40' title='bbox 1224 1177 1240 1206; x_wconf 90' lang='grc'>,,</span> <span class='ocrx_word' id='word_1_41' title='bbox 1305 1177 1323 1207; x_wconf 89' lang='grc'>,,</span> <span class='ocrx_word' id='word_1_42' title='bbox 1387 1177 1403 1209; x_wconf 85' lang='grc'>,,</span> 
     </span>
    </p>
   </div>
   <div class='ocr_carea' id='block_1_4' title="bbox 291 1226 1429 4297">
    <p class='ocr_par' dir='ltr' id='par_1_6' title="bbox 384 1226 1404 1311">
     <span class='ocr_line' id='line_1_9' title="bbox 384 1226 1404 1311; baseline 0.004 -23"><span class='ocrx_word' id='word_1_43' title='bbox 384 1226 448 1290; x_wconf 94' lang='grc'>658</span> <span class='ocrx_word' id='word_1_44' title='bbox 473 1229 542 1291; x_wconf 83' lang='lat' dir='ltr'>tetr</span> <span class='ocrx_word' id='word_1_45' title='bbox 562 1247 654 1310; x_wconf 90' lang='lat' dir='ltr'>auap.</span> <span class='ocrx_word' id='word_1_46' title='bbox 791 1227 899 1292; x_wconf 78' lang='grc' dir='ltr'>οὕνεκ’</span> <span class='ocrx_word' id='word_1_47' title='bbox 1225 1279 1241 1310; x_wconf 91' lang='grc'>,,</span> <span class='ocrx_word' id='word_1_48' title='bbox 1306 1279 1323 1311; x_wconf 91' lang='grc'>,,</span> <span class='ocrx_word' id='word_1_49' title='bbox 1387 1280 1404 1309; x_wconf 85' lang='grc'>,,</span> 
     </span>
    </p>

    <p class='ocr_par' dir='ltr' id='par_1_7' title="bbox 383 1330 1404 1414">
     <span class='ocr_line' id='line_1_10' title="bbox 383 1330 1404 1414; baseline 0.001 -22"><span class='ocrx_word' id='word_1_50' title='bbox 383 1330 447 1393; x_wconf 89' lang='grc'>659</span> <span class='ocrx_word' id='word_1_51' title='bbox 500 1379 516 1413; x_wconf 88' lang='grc'>,,</span> <span class='ocrx_word' id='word_1_52' title='bbox 596 1379 613 1412; x_wconf 87' lang='grc'>,,</span> <span class='ocrx_word' id='word_1_53' title='bbox 637 1330 744 1395; x_wconf 86' lang='grc' dir='ltr'>ἕνεκεν</span> <span class='ocrx_word' id='word_1_54' title='bbox 760 1330 904 1413; x_wconf 85' lang='grc' dir='ltr'>(οὕνεκεν</span> <span class='ocrx_word' id='word_1_55' title='bbox 920 1330 1010 1396; x_wconf 89' lang='lat' dir='ltr'>sioN</span> <span class='ocrx_word' id='word_1_56' title='bbox 1026 1351 1113 1396; x_wconf 93' lang='lat' dir='ltr'>num.</span> <span class='ocrx_word' id='word_1_57' title='bbox 1126 1334 1202 1414; x_wconf 81' lang='lat' dir='ltr'>inv.)</span> <span class='ocrx_word' id='word_1_58' title='bbox 1225 1382 1242 1413; x_wconf 82' lang='lat'>‚‚</span> <span class='ocrx_word' id='word_1_59' title='bbox 1306 1383 1323 1412; x_wconf 84' lang='lat'><strong>„</strong></span> <span class='ocrx_word' id='word_1_60' title='bbox 1389 1383 1404 1414; x_wconf 89' lang='grc'>,,</span> 
     </span>
    </p>

    <p class='ocr_par' dir='ltr' id='par_1_8' title="bbox 291 1434 1405 1621">
     <span class='ocr_line' id='line_1_11' title="bbox 385 1434 1404 1517; baseline 0.001 -2"><span class='ocrx_word' id='word_1_61' title='bbox 385 1434 448 1496; x_wconf 74' lang='grc'>659</span> <span class='ocrx_word' id='word_1_62' title='bbox 500 1482 518 1516; x_wconf 72' lang='lat' dir='ltr'>tt</span> <span class='ocrx_word' id='word_1_63' title='bbox 598 1483 615 1516; x_wconf 77' lang='lat' dir='ltr'>tt</span> <span class='ocrx_word' id='word_1_64' title='bbox 790 1437 896 1499; x_wconf 65' lang='grc' dir='ltr'>εἵνεκα</span> <span class='ocrx_word' id='word_1_65' title='bbox 1225 1485 1241 1516; x_wconf 75' lang='lat' dir='ltr'>ri</span> <span class='ocrx_word' id='word_1_66' title='bbox 1306 1486 1323 1517; x_wconf 78' lang='lat' dir='ltr'>n</span> <span class='ocrx_word' id='word_1_67' title='bbox 1388 1486 1404 1517; x_wconf 71' lang='lat' dir='ltr'>ir</span> 
     </span>
     <span class='ocr_line' id='line_1_12' title="bbox 291 1534 1405 1621; baseline 0 -20"><span class='ocrx_word' id='word_1_68' title='bbox 291 1534 344 1601; x_wconf 79' lang='lat' dir='ltr'>Le.</span> <span class='ocrx_word' id='word_1_69' title='bbox 406 1539 449 1600; x_wconf 79' lang='grc'>74</span> <span class='ocrx_word' id='word_1_70' title='bbox 473 1537 556 1600; x_wconf 91' lang='lat' dir='ltr'>trim.</span> <span class='ocrx_word' id='word_1_71' title='bbox 572 1536 668 1600; x_wconf 89' lang='lat' dir='ltr'>iamb.</span> <span class='ocrx_word' id='word_1_72' title='bbox 791 1540 896 1603; x_wconf 80' lang='grc' dir='ltr'>εἵνεκα</span> <span class='ocrx_word' id='word_1_73' title='bbox 1226 1589 1241 1620; x_wconf 88' lang='grc'>,,</span> <span class='ocrx_word' id='word_1_74' title='bbox 1307 1588 1324 1620; x_wconf 91' lang='grc'>,,</span> <span class='ocrx_word' id='word_1_75' title='bbox 1388 1589 1405 1621; x_wconf 88' lang='grc'>,,</span> 
     </span>
    </p>

    <p class='ocr_par' dir='ltr' id='par_1_9' title="bbox 382 1639 1404 1724">
     <span class='ocr_line' id='line_1_13' title="bbox 382 1639 1404 1724; baseline 0.005 -22"><span class='ocrx_word' id='word_1_76' title='bbox 382 1641 447 1702; x_wconf 90' lang='grc'>491</span> <span class='ocrx_word' id='word_1_77' title='bbox 473 1645 542 1704; x_wconf 83' lang='lat' dir='ltr'>tetr.</span> <span class='ocrx_word' id='word_1_78' title='bbox 555 1659 645 1724; x_wconf 90' lang='lat' dir='ltr'>anap.</span> <span class='ocrx_word' id='word_1_79' title='bbox 656 1639 890 1705; x_wconf 61' lang='lat' dir='ltr'>iveruRnum,</span> <span class='ocrx_word' id='word_1_80' title='bbox 899 1641 973 1723; x_wconf 71' lang='lat' dir='ltr'>iun,</span> <span class='ocrx_word' id='word_1_81' title='bbox 985 1640 1102 1707; x_wconf 81' lang='grc' dir='ltr'>οὕνεκα</span> <span class='ocrx_word' id='word_1_82' title='bbox 1113 1643 1213 1707; x_wconf 89' lang='lat' dir='ltr'>ceteri</span> <span class='ocrx_word' id='word_1_83' title='bbox 1226 1691 1242 1724; x_wconf 85' lang='grc'>,,</span> <span class='ocrx_word' id='word_1_84' title='bbox 1307 1692 1324 1722; x_wconf 84' lang='grc'>,,</span> <span class='ocrx_word' id='word_1_85' title='bbox 1388 1692 1404 1723; x_wconf 85' lang='grc'>,,</span> 
     </span>
    </p>

    <p class='ocr_par' dir='ltr' id='par_1_10' title="bbox 384 1743 1404 1826">
     <span class='ocr_line' id='line_1_14' title="bbox 384 1743 1404 1826; baseline 0.003 -21"><span class='ocrx_word' id='word_1_86' title='bbox 384 1743 447 1806; x_wconf 89' lang='grc'>501</span> <span class='ocrx_word' id='word_1_87' title='bbox 500 1792 516 1826; x_wconf 90' lang='grc'>,,</span> <span class='ocrx_word' id='word_1_88' title='bbox 597 1792 613 1824; x_wconf 91' lang='grc'>,,</span> <span class='ocrx_word' id='word_1_89' title='bbox 789 1745 895 1808; x_wconf 82' lang='grc' dir='ltr'>εἵνεκα</span> <span class='ocrx_word' id='word_1_90' title='bbox 1226 1794 1241 1826; x_wconf 89' lang='grc'>,,</span> <span class='ocrx_word' id='word_1_91' title='bbox 1307 1794 1323 1824; x_wconf 91' lang='grc'>,,</span> <span class='ocrx_word' id='word_1_92' title='bbox 1388 1795 1404 1825; x_wconf 93' lang='grc'>,,</span> 
     </span>
    </p>

    <p class='ocr_par' dir='ltr' id='par_1_11' title="bbox 291 1846 1405 2033">
     <span class='ocr_line' id='line_1_15' title="bbox 384 1846 1404 1929; baseline 0.003 -21"><span class='ocrx_word' id='word_1_93' title='bbox 384 1847 449 1908; x_wconf 90' lang='grc'>544</span> <span class='ocrx_word' id='word_1_94' title='bbox 473 1846 549 1909; x_wconf 90' lang='lat' dir='ltr'>dim.</span> <span class='ocrx_word' id='word_1_95' title='bbox 564 1865 655 1929; x_wconf 89' lang='lat' dir='ltr'>auap.</span> <span class='ocrx_word' id='word_1_96' title='bbox 790 1847 872 1926; x_wconf 81' lang='grc' dir='ltr'>ἕνεχ’</span> <span class='ocrx_word' id='word_1_97' title='bbox 1226 1897 1242 1928; x_wconf 75' lang='grc'>,,</span> <span class='ocrx_word' id='word_1_98' title='bbox 1306 1896 1324 1929; x_wconf 90' lang='grc'>,,</span> <span class='ocrx_word' id='word_1_99' title='bbox 1388 1897 1404 1929; x_wconf 89' lang='grc'>,,</span> 
     </span>
     <span class='ocr_line' id='line_1_16' title="bbox 291 1949 1405 2033; baseline 0.002 -20"><span class='ocrx_word' id='word_1_100' title='bbox 291 1949 350 2014; x_wconf 90' lang='lat' dir='ltr'>Ph.</span> <span class='ocrx_word' id='word_1_101' title='bbox 386 1951 449 2013; x_wconf 80' lang='grc'>176</span> <span class='ocrx_word' id='word_1_102' title='bbox 474 1952 557 2014; x_wconf 77' lang='lat' dir='ltr'>trina</span> <span class='ocrx_word' id='word_1_103' title='bbox 574 1949 668 2013; x_wconf 88' lang='lat' dir='ltr'>iamb.</span> <span class='ocrx_word' id='word_1_104' title='bbox 790 1950 896 2015; x_wconf 78' lang='grc' dir='ltr'>οὕνεκ’</span> <span class='ocrx_word' id='word_1_105' title='bbox 1226 2001 1242 2033; x_wconf 93' lang='grc'>,,</span> <span class='ocrx_word' id='word_1_106' title='bbox 1307 2001 1324 2031; x_wconf 91' lang='grc'>,,</span> <span class='ocrx_word' id='word_1_107' title='bbox 1388 2001 1405 2033; x_wconf 88' lang='grc'>,,</span> 
     </span>
    </p>

    <p class='ocr_par' dir='ltr' id='par_1_12' title="bbox 384 2052 1427 2136">
     <span class='ocr_line' id='line_1_17' title="bbox 384 2052 1427 2136; baseline 0.001 -20"><span class='ocrx_word' id='word_1_108' title='bbox 384 2054 449 2116; x_wconf 87' lang='grc'>360</span> <span class='ocrx_word' id='word_1_109' title='bbox 473 2072 555 2117; x_wconf 87' lang='lat' dir='ltr'>vers.</span> <span class='ocrx_word' id='word_1_110' title='bbox 571 2052 699 2136; x_wconf 86' lang='lat' dir='ltr'>glycon.</span> <span class='ocrx_word' id='word_1_111' title='bbox 791 2053 872 2117; x_wconf 79' lang='grc' dir='ltr'>ἕνεκ’</span> <span class='ocrx_word' id='word_1_112' title='bbox 1258 2073 1345 2118; x_wconf 76' lang='lat' dir='ltr'>nuni</span> <span class='ocrx_word' id='word_1_113' title='bbox 1363 2056 1427 2117; x_wconf 89' lang='lat' dir='ltr'>inv.</span> 
     </span>
    </p>

    <p class='ocr_par' dir='ltr' id='par_1_13' title="bbox 384 2154 1427 2238">
     <span class='ocr_line' id='line_1_18' title="bbox 384 2154 1427 2238; baseline 0.001 -19"><span class='ocrx_word' id='word_1_114' title='bbox 384 2157 449 2219; x_wconf 82' lang='lat'>366</span> <span class='ocrx_word' id='word_1_115' title='bbox 505 2206 521 2238; x_wconf 89' lang='grc'>,,</span> <span class='ocrx_word' id='word_1_116' title='bbox 631 2205 648 2238; x_wconf 91' lang='grc'>,,</span> <span class='ocrx_word' id='word_1_117' title='bbox 792 2154 898 2220; x_wconf 77' lang='grc' dir='ltr'>οὕνεκ’</span> <span class='ocrx_word' id='word_1_118' title='bbox 1179 2176 1265 2219; x_wconf 80' lang='lat' dir='ltr'>uuna</span> <span class='ocrx_word' id='word_1_119' title='bbox 1281 2175 1347 2221; x_wconf 91' lang='lat' dir='ltr'>non</span> <span class='ocrx_word' id='word_1_120' title='bbox 1363 2157 1427 2220; x_wconf 86' lang='lat' dir='ltr'>inv.</span> 
     </span>
    </p>

    <p class='ocr_par' dir='ltr' id='par_1_14' title="bbox 383 2258 1428 2324">
     <span class='ocr_line' id='line_1_19' title="bbox 383 2258 1428 2324; baseline 0.001 -3"><span class='ocrx_word' id='word_1_121' title='bbox 383 2260 449 2322; x_wconf 91' lang='grc'>443</span> <span class='ocrx_word' id='word_1_122' title='bbox 474 2260 557 2322; x_wconf 91' lang='lat' dir='ltr'>trim.</span> <span class='ocrx_word' id='word_1_123' title='bbox 573 2258 668 2322; x_wconf 88' lang='lat' dir='ltr'>iamb.</span> <span class='ocrx_word' id='word_1_124' title='bbox 793 2258 873 2322; x_wconf 85' lang='grc' dir='ltr'>ἕνεκ’</span> <span class='ocrx_word' id='word_1_125' title='bbox 1260 2279 1347 2324; x_wconf 91' lang='lat' dir='ltr'>num.</span> <span class='ocrx_word' id='word_1_126' title='bbox 1363 2260 1428 2322; x_wconf 86' lang='lat' dir='ltr'>iuv.</span> 
     </span>
    </p>

    <p class='ocr_par' dir='ltr' id='par_1_15' title="bbox 383 2361 1428 2445">
     <span class='ocr_line' id='line_1_20' title="bbox 383 2361 1428 2445; baseline 0.002 -20"><span class='ocrx_word' id='word_1_127' title='bbox 383 2365 449 2425; x_wconf 89' lang='grc'>454</span> <span class='ocrx_word' id='word_1_128' title='bbox 507 2412 525 2445; x_wconf 89' lang='grc'>,,</span> <span class='ocrx_word' id='word_1_129' title='bbox 615 2412 632 2445; x_wconf 92' lang='grc'>,,</span> <span class='ocrx_word' id='word_1_130' title='bbox 793 2361 911 2426; x_wconf 78' lang='grc' dir='ltr'>οὕνεκα</span> <span class='ocrx_word' id='word_1_131' title='bbox 1177 2381 1264 2426; x_wconf 90' lang='lat' dir='ltr'>uum.</span> <span class='ocrx_word' id='word_1_132' title='bbox 1281 2382 1347 2426; x_wconf 91' lang='lat' dir='ltr'>non</span> <span class='ocrx_word' id='word_1_133' title='bbox 1363 2362 1428 2427; x_wconf 71' lang='lat' dir='ltr'>inu.</span> 
     </span>
    </p>

    <p class='ocr_par' dir='ltr' id='par_1_16' title="bbox 291 2464 1428 2942">
     <span class='ocr_line' id='line_1_21' title="bbox 384 2464 1427 2548; baseline -0.001 -18"><span class='ocrx_word' id='word_1_134' title='bbox 384 2466 495 2530; x_wconf 92' lang='lat' dir='ltr'>Unum</span> <span class='ocrx_word' id='word_1_135' title='bbox 517 2465 627 2530; x_wconf 88' lang='lat' dir='ltr'>locum</span> <span class='ocrx_word' id='word_1_136' title='bbox 651 2466 757 2529; x_wconf 85' lang='lat' dir='ltr'>sciens</span> <span class='ocrx_word' id='word_1_137' title='bbox 781 2465 882 2546; x_wconf 68' lang='lat' dir='ltr'>omisi,</span> <span class='ocrx_word' id='word_1_138' title='bbox 907 2464 953 2529; x_wconf 92' lang='lat' dir='ltr'>Pl.</span> <span class='ocrx_word' id='word_1_139' title='bbox 973 2466 1068 2547; x_wconf 84' lang='lat'>1085,</span> <span class='ocrx_word' id='word_1_140' title='bbox 1093 2464 1150 2528; x_wconf 90' lang='lat' dir='ltr'>ubi</span> <span class='ocrx_word' id='word_1_141' title='bbox 1165 2464 1193 2528; x_wconf 91' lang='lat' dir='ltr'><strong>R</strong></span> <span class='ocrx_word' id='word_1_142' title='bbox 1210 2465 1297 2528; x_wconf 87' lang='lat' dir='ltr'>solus</span> <span class='ocrx_word' id='word_1_143' title='bbox 1321 2464 1427 2548; x_wconf 92' lang='lat' dir='ltr'>lepido</span> 
     </span>
     <span class='ocr_line' id='line_1_22' title="bbox 292 2566 1428 2650; baseline -0.001 -18"><span class='ocrx_word' id='word_1_144' title='bbox 292 2587 402 2632; x_wconf 88' lang='lat' dir='ltr'>errore</span> <span class='ocrx_word' id='word_1_145' title='bbox 419 2566 537 2632; x_wconf 79' lang='grc' dir='ltr'>οὕνεκά</span> <span class='ocrx_word' id='word_1_146' title='bbox 552 2589 630 2632; x_wconf 87' lang='grc' dir='ltr'>ποτε</span> <span class='ocrx_word' id='word_1_147' title='bbox 646 2568 787 2649; x_wconf 65' lang='lat' dir='ltr'>exhibet</span> <span class='ocrx_word' id='word_1_148' title='bbox 807 2588 883 2632; x_wconf 89' lang='lat' dir='ltr'>oum</span> <span class='ocrx_word' id='word_1_149' title='bbox 900 2568 938 2650; x_wconf 84' lang='lat' dir='ltr'>V,</span> <span class='ocrx_word' id='word_1_150' title='bbox 958 2569 1067 2650; x_wconf 84' lang='lat' dir='ltr'>ceteri,</span> <span class='ocrx_word' id='word_1_151' title='bbox 1086 2568 1201 2632; x_wconf 87' lang='lat' dir='ltr'>Suidas</span> <span class='ocrx_word' id='word_1_152' title='bbox 1221 2575 1307 2633; x_wconf 77' lang='lat' dir='ltr'>recte</span> <span class='ocrx_word' id='word_1_153' title='bbox 1324 2588 1428 2633; x_wconf 79' lang='grc' dir='ltr'>(υνεκ-</span> 
     </span>
     <span class='ocr_line' id='line_1_23' title="bbox 291 2669 1428 2755; baseline 0 -21"><span class='ocrx_word' id='word_1_154' title='bbox 291 2671 381 2735; x_wconf 81' lang='grc' dir='ltr'>ποτέ’</span> <span class='ocrx_word' id='word_1_155' title='bbox 406 2671 586 2754; x_wconf 86' lang='lat' dir='ltr'>praebeant</span> <span class='ocrx_word' id='word_1_156' title='bbox 621 2669 715 2735; x_wconf 89' lang='lat' dir='ltr'>Locis</span> <span class='ocrx_word' id='word_1_157' title='bbox 744 2672 844 2754; x_wconf 87' lang='lat' dir='ltr'>igitur</span> <span class='ocrx_word' id='word_1_158' title='bbox 867 2673 908 2735; x_wconf 83' lang='lat'>59</span> <span class='ocrx_word' id='word_1_159' title='bbox 934 2671 1165 2755; x_wconf 81' lang='lat' dir='ltr'>Aristophanes</span> <span class='ocrx_word' id='word_1_160' title='bbox 1193 2672 1428 2754; x_wconf 80' lang='lat' dir='ltr'>praepositione</span> 
     </span>
     <span class='ocr_line' id='line_1_24' title="bbox 295 2773 1428 2857; baseline -0.002 -19"><span class='ocrx_word' id='word_1_161' title='bbox 295 2774 387 2838; x_wconf 81' lang='grc' dir='ltr'>ἕνεκα</span> <span class='ocrx_word' id='word_1_162' title='bbox 403 2793 482 2838; x_wconf 89' lang='lat' dir='ltr'>usus</span> <span class='ocrx_word' id='word_1_163' title='bbox 505 2781 561 2839; x_wconf 85' lang='lat' dir='ltr'>est</span> <span class='ocrx_word' id='word_1_164' title='bbox 589 2774 720 2839; x_wconf 82' lang='lat' dir='ltr'><strong>Addere</strong></span> <span class='ocrx_word' id='word_1_165' title='bbox 735 2774 831 2839; x_wconf 88' lang='lat' dir='ltr'>liceat</span> <span class='ocrx_word' id='word_1_166' title='bbox 845 2776 880 2838; x_wconf 94' lang='lat' dir='ltr'>in</span> <span class='ocrx_word' id='word_1_167' title='bbox 896 2775 1093 2839; x_wconf 75' lang='lat' dir='ltr'>comicorum</span> <span class='ocrx_word' id='word_1_168' title='bbox 1108 2773 1298 2857; x_wconf 75' lang='lat' dir='ltr'>fragmentis</span> <span class='ocrx_word' id='word_1_169' title='bbox 1314 2793 1428 2838; x_wconf 84' lang='lat' dir='ltr'>seeun-</span> 
     </span>
     <span class='ocr_line' id='line_1_25' title="bbox 291 2875 1107 2942; baseline 0.002 -4"><span class='ocrx_word' id='word_1_170' title='bbox 291 2875 372 2940; x_wconf 86' lang='lat' dir='ltr'>dum</span> <span class='ocrx_word' id='word_1_171' title='bbox 395 2877 521 2942; x_wconf 87' lang='lat' dir='ltr'>Jacobii</span> <span class='ocrx_word' id='word_1_172' title='bbox 543 2877 667 2941; x_wconf 89' lang='lat' dir='ltr'>indices</span> <span class='ocrx_word' id='word_1_173' title='bbox 691 2877 786 2942; x_wconf 89' lang='lat' dir='ltr'>hasce</span> <span class='ocrx_word' id='word_1_174' title='bbox 809 2877 928 2941; x_wconf 83' lang='lat' dir='ltr'>formas</span> <span class='ocrx_word' id='word_1_175' title='bbox 951 2879 1107 2942; x_wconf 87' lang='lat' dir='ltr'>inveniri:</span> 
     </span>
    </p>

    <p class='ocr_par' dir='ltr' id='par_1_17' title="bbox 385 2978 647 3045">
     <span class='ocr_line' id='line_1_26' title="bbox 385 2978 647 3045; baseline -0.008 0"><span class='ocrx_word' id='word_1_176' title='bbox 385 2980 477 3045; x_wconf 84' lang='grc' dir='ltr'>ἕνεκα</span> <span class='ocrx_word' id='word_1_177' title='bbox 503 2982 544 3043; x_wconf 92' lang='grc'>14</span> <span class='ocrx_word' id='word_1_178' title='bbox 568 2978 647 3044; x_wconf 89' lang='lat' dir='ltr'>locis</span> 
     </span>
    </p>

    <p class='ocr_par' dir='ltr' id='par_1_18' title="bbox 386 3082 612 3164">
     <span class='ocr_line' id='line_1_27' title="bbox 386 3082 612 3164; baseline 0 -17"><span class='ocrx_word' id='word_1_179' title='bbox 386 3082 541 3147; x_wconf 73' lang='lat' dir='ltr'>oi&#39;rvsaci</span> <span class='ocrx_word' id='word_1_180' title='bbox 596 3131 612 3164; x_wconf 91' lang='grc'>,,</span> 
     </span>
    </p>

    <p class='ocr_par' dir='ltr' id='par_1_19' title="bbox 385 3188 613 3266">
     <span class='ocr_line' id='line_1_28' title="bbox 385 3188 613 3266; baseline -0.009 -15"><span class='ocrx_word' id='word_1_181' title='bbox 385 3188 543 3251; x_wconf 84' lang='grc' dir='ltr'>εἵνεκα4</span> <span class='ocrx_word' id='word_1_182' title='bbox 597 3235 613 3266; x_wconf 81' lang='grc'>,,</span> 
     </span>
    </p>

    <p class='ocr_par' dir='ltr' id='par_1_20' title="bbox 385 3291 687 3370">
     <span class='ocr_line' id='line_1_29' title="bbox 385 3291 687 3370; baseline -0.007 -17"><span class='ocrx_word' id='word_1_183' title='bbox 385 3291 492 3353; x_wconf 87' lang='grc' dir='ltr'>ἕνεκεν</span> <span class='ocrx_word' id='word_1_184' title='bbox 516 3307 687 3370; x_wconf 87' lang='lat' dir='ltr'>nusquam.</span> 
     </span>
    </p>

    <p class='ocr_par' dir='ltr' id='par_1_21' title="bbox 293 3391 1428 3577">
     <span class='ocr_line' id='line_1_30' title="bbox 385 3391 1428 3476; baseline -0.002 -20"><span class='ocrx_word' id='word_1_185' title='bbox 385 3394 494 3474; x_wconf 84' lang='lat' dir='ltr'><strong>Atque</strong></span> <span class='ocrx_word' id='word_1_186' title='bbox 517 3392 638 3456; x_wconf 83' lang='lat' dir='ltr'>formae</span> <span class='ocrx_word' id='word_1_187' title='bbox 661 3391 909 3475; x_wconf 85' lang='lat' dir='ltr'>praepositionis</span> <span class='ocrx_word' id='word_1_188' title='bbox 932 3393 1060 3456; x_wconf 87' lang='lat' dir='ltr'>nestrae</span> <span class='ocrx_word' id='word_1_189' title='bbox 1083 3393 1116 3455; x_wconf 93' lang='lat' dir='ltr'>in</span> <span class='ocrx_word' id='word_1_190' title='bbox 1133 3391 1359 3476; x_wconf 81' lang='lat' dir='ltr'>Aristophanis</span> <span class='ocrx_word' id='word_1_191' title='bbox 1382 3392 1428 3455; x_wconf 83' lang='lat' dir='ltr'>ia-</span> 
     </span>
     <span class='ocr_line' id='line_1_31' title="bbox 293 3493 1326 3577; baseline -0.001 -19"><span class='ocrx_word' id='word_1_192' title='bbox 293 3493 380 3558; x_wconf 88' lang='lat' dir='ltr'>bulis</span> <span class='ocrx_word' id='word_1_193' title='bbox 403 3496 451 3558; x_wconf 89' lang='lat' dir='ltr'>sic</span> <span class='ocrx_word' id='word_1_194' title='bbox 474 3493 669 3559; x_wconf 83' lang='lat' dir='ltr'>exhibentur</span> <span class='ocrx_word' id='word_1_195' title='bbox 691 3495 726 3556; x_wconf 91' lang='lat' dir='ltr'>in</span> <span class='ocrx_word' id='word_1_196' title='bbox 749 3493 777 3557; x_wconf 88' lang='lat' dir='ltr'><strong>R</strong></span> <span class='ocrx_word' id='word_1_197' title='bbox 801 3499 833 3558; x_wconf 91' lang='lat' dir='ltr'>et</span> <span class='ocrx_word' id='word_1_198' title='bbox 849 3493 879 3555; x_wconf 97' lang='lat' dir='ltr'><strong>V</strong></span> <span class='ocrx_word' id='word_1_199' title='bbox 896 3493 947 3559; x_wconf 86' lang='lat' dir='ltr'>vel</span> <span class='ocrx_word' id='word_1_200' title='bbox 970 3495 1010 3558; x_wconf 93' lang='lat' dir='ltr'>iis</span> <span class='ocrx_word' id='word_1_201' title='bbox 1035 3495 1091 3576; x_wconf 89' lang='lat' dir='ltr'>qui</span> <span class='ocrx_word' id='word_1_202' title='bbox 1114 3513 1172 3577; x_wconf 90' lang='lat' dir='ltr'>pro</span> <span class='ocrx_word' id='word_1_203' title='bbox 1189 3494 1218 3555; x_wconf 89' lang='lat' dir='ltr'><strong>V</strong></span> <span class='ocrx_word' id='word_1_204' title='bbox 1235 3498 1326 3559; x_wconf 90' lang='lat' dir='ltr'>sunt:</span> 
     </span>
    </p>

    <p class='ocr_par' dir='ltr' id='par_1_22' title="bbox 385 3596 672 3662">
     <span class='ocr_line' id='line_1_32' title="bbox 385 3596 672 3662; baseline -0.007 0"><span class='ocrx_word' id='word_1_205' title='bbox 385 3599 478 3662; x_wconf 87' lang='grc' dir='ltr'>ἕνεκα</span> <span class='ocrx_word' id='word_1_206' title='bbox 527 3599 567 3659; x_wconf 93' lang='grc'>15</span> <span class='ocrx_word' id='word_1_207' title='bbox 591 3596 672 3660; x_wconf 86' lang='lat' dir='ltr'>loeis</span> 
     </span>
    </p>

    <p class='ocr_par' dir='ltr' id='par_1_23' title="bbox 386 3701 641 3782">
     <span class='ocr_line' id='line_1_33' title="bbox 386 3701 641 3782; baseline -0.012 -17"><span class='ocrx_word' id='word_1_208' title='bbox 386 3702 493 3765; x_wconf 84' lang='grc' dir='ltr'>ἕνεκεν</span> <span class='ocrx_word' id='word_1_209' title='bbox 549 3701 568 3762; x_wconf 89' lang='grc'>2</span> <span class='ocrx_word' id='word_1_210' title='bbox 625 3750 641 3782; x_wconf 90' lang='grc'>,,</span> 
     </span>
    </p>

    <p class='ocr_par' dir='ltr' id='par_1_24' title="bbox 386 3803 717 3885">
     <span class='ocr_line' id='line_1_34' title="bbox 386 3803 717 3885; baseline -0.003 -18"><span class='ocrx_word' id='word_1_211' title='bbox 386 3803 504 3867; x_wconf 79' lang='grc' dir='ltr'>οὕνεκα</span> <span class='ocrx_word' id='word_1_212' title='bbox 528 3804 570 3866; x_wconf 88' lang='grc'>22</span> <span class='ocrx_word' id='word_1_213' title='bbox 625 3852 642 3885; x_wconf 93' lang='grc'>,,</span> <span class='ocrx_word' id='word_1_214' title='bbox 716 3808 717 3811; x_wconf 74' lang='grc'>’</span> 
     </span>
    </p>

    <p class='ocr_par' dir='ltr' id='par_1_25' title="bbox 294 3897 1429 4197">
     <span class='ocr_line' id='line_1_35' title="bbox 386 3897 1427 3990; baseline 0 -20"><span class='ocrx_word' id='word_1_215' title='bbox 386 3897 502 3972; x_wconf 78' lang='grc' dir='ltr'>εἳνεκα’</span> <span class='ocrx_word' id='word_1_216' title='bbox 529 3909 567 3970; x_wconf 95' lang='grc'>11</span> <span class='ocrx_word' id='word_1_217' title='bbox 594 3906 682 3987; x_wconf 82' lang='lat' dir='ltr'>locis,</span> <span class='ocrx_word' id='word_1_218' title='bbox 711 3925 776 3970; x_wconf 90' lang='lat' dir='ltr'>non</span> <span class='ocrx_word' id='word_1_219' title='bbox 801 3909 830 3988; x_wconf 84' lang='lat'>8,</span> <span class='ocrx_word' id='word_1_220' title='bbox 859 3912 896 3971; x_wconf 94' lang='lat' dir='ltr'>ut</span> <span class='ocrx_word' id='word_1_221' title='bbox 923 3905 1119 3970; x_wconf 88' lang='lat' dir='ltr'>arbitrantur</span> <span class='ocrx_word' id='word_1_222' title='bbox 1135 3907 1366 3990; x_wconf 79' lang='lat' dir='ltr'>Wackernagel</span> <span class='ocrx_word' id='word_1_223' title='bbox 1395 3909 1427 3970; x_wconf 91' lang='lat' dir='ltr'>iu</span> 
     </span>
     <span class='ocr_line' id='line_1_36' title="bbox 295 4009 1429 4094; baseline -0.001 -20"><span class='ocrx_word' id='word_1_224' title='bbox 295 4009 360 4074; x_wconf 86' lang='lat' dir='ltr'>KZ.</span> <span class='ocrx_word' id='word_1_225' title='bbox 377 4012 429 4093; x_wconf 91' lang='grc'>28,</span> <span class='ocrx_word' id='word_1_226' title='bbox 456 4013 550 4092; x_wconf 83' lang='grc'>1887,</span> <span class='ocrx_word' id='word_1_227' title='bbox 575 4030 603 4094; x_wconf 93' lang='lat' dir='ltr'>p.</span> <span class='ocrx_word' id='word_1_228' title='bbox 624 4011 686 4073; x_wconf 91' lang='grc'>110</span> <span class='ocrx_word' id='word_1_229' title='bbox 712 4016 744 4073; x_wconf 89' lang='lat' dir='ltr'>et</span> <span class='ocrx_word' id='word_1_230' title='bbox 766 4009 980 4074; x_wconf 89' lang='lat' dir='ltr'>Meisterhans</span> <span class='ocrx_word' id='word_1_231' title='bbox 1004 4028 1033 4092; x_wconf 89' lang='lat' dir='ltr'>p.</span> <span class='ocrx_word' id='word_1_232' title='bbox 1051 4010 1124 4073; x_wconf 92' lang='grc'>216.</span> <span class='ocrx_word' id='word_1_233' title='bbox 1149 4009 1296 4092; x_wconf 87' lang='lat' dir='ltr'>Reliquis</span> <span class='ocrx_word' id='word_1_234' title='bbox 1313 4013 1332 4073; x_wconf 93' lang='grc'>9</span> <span class='ocrx_word' id='word_1_235' title='bbox 1349 4010 1429 4075; x_wconf 87' lang='lat' dir='ltr'>locis</span> 
     </span>
     <span class='ocr_line' id='line_1_37' title="bbox 294 4112 1232 4197; baseline -0.002 -17"><span class='ocrx_word' id='word_1_236' title='bbox 294 4114 325 4180; x_wconf 88' lang='lat' dir='ltr'><strong>R</strong></span> <span class='ocrx_word' id='word_1_237' title='bbox 348 4121 380 4179; x_wconf 93' lang='lat' dir='ltr'>et</span> <span class='ocrx_word' id='word_1_238' title='bbox 394 4114 424 4175; x_wconf 91' lang='lat' dir='ltr'><strong>V</strong></span> <span class='ocrx_word' id='word_1_239' title='bbox 441 4115 492 4179; x_wconf 87' lang='lat' dir='ltr'>rel</span> <span class='ocrx_word' id='word_1_240' title='bbox 515 4116 539 4178; x_wconf 93' lang='lat' dir='ltr'>ii</span> <span class='ocrx_word' id='word_1_241' title='bbox 563 4115 618 4197; x_wconf 91' lang='lat' dir='ltr'>qui</span> <span class='ocrx_word' id='word_1_242' title='bbox 643 4134 701 4197; x_wconf 93' lang='lat' dir='ltr'>pro</span> <span class='ocrx_word' id='word_1_243' title='bbox 718 4113 747 4176; x_wconf 91' lang='lat' dir='ltr'><strong>V</strong></span> <span class='ocrx_word' id='word_1_244' title='bbox 764 4117 840 4178; x_wconf 90' lang='lat' dir='ltr'>sunt</span> <span class='ocrx_word' id='word_1_245' title='bbox 862 4115 947 4178; x_wconf 89' lang='lat' dir='ltr'>iuter</span> <span class='ocrx_word' id='word_1_246' title='bbox 970 4132 1005 4178; x_wconf 88' lang='lat' dir='ltr'>se</span> <span class='ocrx_word' id='word_1_247' title='bbox 1029 4112 1232 4178; x_wconf 87' lang='lat' dir='ltr'>dissentiunt</span> 
     </span>
    </p>

    <p class='ocr_par' dir='ltr' id='par_1_26' title="bbox 386 4217 1429 4297">
     <span class='ocr_line' id='line_1_38' title="bbox 386 4217 1429 4297; baseline -0.002 -15"><span class='ocrx_word' id='word_1_248' title='bbox 386 4217 532 4282; x_wconf 88' lang='lat' dir='ltr'>Primum</span> <span class='ocrx_word' id='word_1_249' title='bbox 555 4218 730 4297; x_wconf 81' lang='lat' dir='ltr'>videamus,</span> <span class='ocrx_word' id='word_1_250' title='bbox 759 4237 839 4280; x_wconf 91' lang='lat' dir='ltr'>num</span> <span class='ocrx_word' id='word_1_251' title='bbox 862 4217 1013 4282; x_wconf 90' lang='lat' dir='ltr'>omuibus</span> <span class='ocrx_word' id='word_1_252' title='bbox 1039 4220 1078 4280; x_wconf 92' lang='grc'>15</span> <span class='ocrx_word' id='word_1_253' title='bbox 1107 4217 1187 4281; x_wconf 87' lang='lat' dir='ltr'>locis</span> <span class='ocrx_word' id='word_1_254' title='bbox 1210 4217 1315 4281; x_wconf 82' lang='lat' dir='ltr'>forma</span> <span class='ocrx_word' id='word_1_255' title='bbox 1338 4219 1429 4282; x_wconf 80' lang='grc' dir='ltr'>ἕνεκα</span> 
     </span>
    </p>
   </div>
   <div class='ocr_carea' id='block_1_5' title="bbox 0 0 1500 4814">
    <p class='ocr_par' dir='ltr' id='par_1_27' title="bbox 0 0 1500 4814">
     <span class='ocr_line' id='line_1_39' title="bbox 0 0 1500 4814; baseline 0 0"><span class='ocrx_word' id='word_1_256' title='bbox 0 0 1500 4814; x_wconf 95' lang='lat' dir='ltr'> </span> 
     </span>
    </p>
   </div>
  </div>
 </body>
</html>
