3236 4920
366 414 408 478 80
787 419 885 474 Joses
901 419 1074 488 Albertus,

365 611 428 655 uns
450 591 673 674 Thuhydides3
702 592 797 656 doboi
824 593 867 656 ist
894 611 928 656 es
957 590 1177 656 bezeichnend
1199 592 1254 654 for
1276 592 1346 674 ihn,
1376 591 1501 657 daher

364 695 400 759 in
432 697 545 762 seioon
577 697 671 761 υπόίί
699 695 978 760 Foldherrnreden
1008 696 1125 778 gorade
1158 693 1270 759 diesen
1296 697 1399 760 τόποε
1432 696 1501 760 ein·

363 800 528 882 gehonder
546 801 696 866 ausfiihrt
717 799 784 864 und
809 801 920 882 strong
939 798 1092 876 saohhch,
1114 798 1179 862 fast
1196 799 1426 879 systomatisoh
1446 797 1500 863 dio

364 903 434 966 sich
454 903 792 987 entgegenstohonden
809 902 1011 967 Stroitkrhfto
1026 899 1287 984 gegonoinondor
1301 901 1500 986 abzuwiigen

364 1004 450 1068 heht.
474 1005 544 1069 Vor
559 1005 617 1070 dor
637 1006 843 1070 Soesohlaoht
857 1009 902 1071 im
917 1008 1161 1071 horinthisohon
1177 1006 1374 1072 Meerbusen
1394 1005 1500 1069 haben

362 1106 415 1172 dio
436 1106 709 1172 Lacedaemonior
732 1107 785 1173 dio
801 1109 945 1174 Vortoilo
962 1110 1020 1174 dor
1039 1097 1293 1193 Uberlegenhoit
1321 1129 1362 1173 an
1379 1107 1500 1174 schiff-

362 1211 442 1294 zahl,
467 1211 524 1276 des
547 1211 777 1295 Stiitzpunhtes
801 1212 858 1278 der
880 1214 1034 1298 Hopliten
1058 1214 1115 1276 auf
1138 1213 1210 1276 dom
1229 1211 1320 1276 Land
1345 1211 1414 1276 und
1441 1209 1502 1274 der

362 1315 584 1398 wuohtigeren
608 1314 811 1398 Angriffsorh
845 1315 927 1380 Dom
949 1315 1135 1399 gogenhbor
1153 1315 1231 1380 heht
1248 1315 1426 1378 Phormion
1446 1313 1500 1377 die

362 1417 496 1500 grhssere
528 1416 755 1480 Effahronheit
785 1416 844 1480 der
869 1417 1015 1482 Athenor
1041 1419 1086 1481 im
1115 1417 1298 1502 Soehompf‚
1330 1416 1395 1480 den
1428 1417 1500 1479 hin·

362 1518 531 1603 gebonden
545 1520 617 1583 Μαί
629 1519 696 1584 und
709 1520 891 1604 iiberhaupt
903 1519 955 1584 dio
968 1521 1136 1586 technisoh
1149 1520 1344 1604 hberlogeno
1361 1519 1500 1583 ottischo

362 1623 592 1688 Sohiffsmaoht
614 1623 739 1686 horvor.

376 1736 465 1801 Redo
489 1736 547 1801 dor
568 1737 887 1805 looodaomonisohen
1063 1737 1152 1804 Rode
1177 1739 1387 1804 Phormione:

522 1839 737 1905 Foldherren:

406 1955 553 2036 Thoan,
563 1956 673 2038 87,st
683 1957 772 2036 ὑμῶν
783 1961 819 2022 δὲ
829 1959 900 2023 οὐδ’
1000 1959 1041 2041 ΙΙ,
1054 1959 1106 2040 89,
1122 1958 1172 2021 2ί.
1194 2008 1200 2022 .
1218 2007 1224 2021 .
1242 2007 1249 2020 .
1266 1958 1306 2023 οὐ
1322 1959 1362 2022 δι’
1375 1959 1456 2023 ἄλλο
1471 1979 1498 2023 τι

360 2061 380 2139 ἡ
416 2059 539 2140 ἀπειρία
572 2063 727 2124 τοιοῦτον
767 2062 901 2126 λείπεται
955 2066 1122 2141 Θαρεοῡειν
1158 2061 1177 2139 ἢ
1210 2061 1262 2124 διὰ
1288 2063 1346 2138 τ’ἠν
1379 2061 1417 2127 έν
1451 2066 1497 2146 τῷ

362 2163 437 2228 όεον
454 2163 554 2246 τόλμῃ
574 2164 743 2242 προέχετε·
759 2166 862 2228 τῶνδε
881 2165 899 2242 ἡ
954 2171 1038 2248 πεζῷ
1052 2164 1211 2243 ἐμπειρίαν
1220 2165 1259 2227 τὰ
1274 2165 1370 2228 πλείω
1384 2183 1498 2243 κατορ·

361 2265 517 2347 ἐπιετήμη,
538 2267 576 2344 ἣν
597 2265 723 2344 μάλιετα
742 2271 898 2350 φοβεῑεθε,
955 2272 1099 2348 θοῦντεε,
1124 2268 1173 2330 καὶ
1196 2266 1315 2330 οίονται
1339 2269 1422 2346 εφίει
1446 2267 1495 2330 καί

361 2368 493 2447 ἀνδρίαν
507 2371 562 2446 μὲν
578 2368 695 2447 έχουεα
711 2373 760 2433 καὶ
776 2373 899 2448 μνήμην
954 2373 1044 2453 ἐντῷ
1057 2374 1194 2451 ναυτικῷ
1207 2369 1394 2446 ποιήεειντό
1407 2369 1495 2434 αὐτό.

360 2472 420 2536 ἕξει
451 2472 484 2535 ἐν
508 2477 553 2554 τῷ
583 2475 676 2554 δεινῷ
706 2472 855 2537 ἐπιτελεῖν
878 2474 899 2537 ἃ
953 2476 989 2538 τὸ
1002 2473 1030 2538 δ’
1040 2473 1074 2536 ἐκ
1083 2475 1142 2536 τοῦ
1155 2472 1274 2534 δικαίου
1287 2471 1359 2549 ἡμῖν
1369 2475 1495 2549 μᾶλλον

360 2571 483 2655 ἔμαθεν,
509 2573 585 2638 ἄνευ
612 2576 647 2637 δέ
670 2575 822 2652 εὐψυχία(
845 2575 899 2640 οὐ·
953 2580 1013 2642 νῦν
1026 2576 1187 2655 περιέεται,
1204 2575 1290 2654 εἴπερ
1304 2577 1353 2638 καὶ
1368 2575 1493 2638 τούτοιε

360 2677 450 2754 όεμία
473 2678 567 2755 τέχνη
592 2678 673 2755 πρὸ(
696 2680 771 2742 τοὺε
794 2682 898 2744 κινού·
953 2681 987 2746 ἐν
998 2681 1116 2760 ἐκείνῳ,
1127 2675 1192 2740 ἐπεὶ
1202 2677 1383 2759 εὐψυχίᾳγε
1395 2676 1492 2742 οὐδὲν

359 2799 437 2843 νουε
454 2779 557 2858 ἰεχύει.
578 2782 684 2860 φόβοε
698 2783 758 2859 γὰρ
776 2783 898 2861 μνήμην
952 2783 1182 2862 προφέρουειν,
1210 2783 1255 2862 τῷ
1284 2782 1321 2843 δέ
1349 2779 1491 2858 ἑκάτεροι

360 2881 525 2962 έκπλήεεει,
543 2885 637 2962 τέχνη
654 2887 691 2948 όὲ
708 2883 784 2948 ἄνευ
802 2883 898 2963 ἀλκῆε
952 2887 1168 2964 ἐμπειρότεροι
1199 2875 1276 2946 εἶναι
1305 2881 1491 2960 θραεύτεροί

360 2983 456 3048 οὐδέν
469 2985 593 3065 ὠφελεῖ.
614 2989 695 3065 πρὸ(
712 2989 768 3064 μὲν
785 2979 897 3051 οὖντὸ
953 2986 1042 3062 ἐεμεν
1059 3031 1106 3046 ...
1124 2987 1163 3062 μή
1181 2986 1221 3061 δὴ
1235 2983 1341 3047 αὐτῶν
1353 2986 1490 3063 τηντόλ-

360 3087 581 3165 ἐμπειρότερον
606 3089 766 3154 αὐτῶντὸ
785 3095 898 3168 τολμη-
952 3107 1015 3166 μον
1035 3090 1152 3166 δείιητε
1171 3137 1177 3152 .
1195 3137 1201 3151 .
1218 3136 1225 3150 .
1245 3088 1411 3152 ἀντίπαλοι
1435 3089 1489 3164 μὲν

359 3190 494 3269 ρότερον
519 3192 716 3256 ἀντιτάξαεθε
736 3243 742 3256 .
760 3241 790 3256 ..
813 3213 897 3270 περι·
950 3191 1011 3268 γὰρ
1036 3189 1065 3253 οἱ
1088 3192 1229 3272 πλείουε,
1258 3191 1365 3269 ὥεπερ
1394 3189 1488 3268 οὗτοι,

357 3294 491 3368 γίγνεται
504 3295 540 3356 δέ
553 3291 623 3370 ὑμῖν
634 3294 759 3371 πλῆθός
769 3313 802 3358 τε
811 3299 897 3358 νεῶν
950 3298 987 3374 τῇ
1005 3292 1134 3370 δυνάμει
1150 3293 1187 3356 τὸ
1208 3293 1308 3357 πλέον
1329 3295 1450 3357 πίευνοι
1469 3292 1488 3368 ἢ

359 3397 409 3458 καὶ
436 3397 517 3472 πρὸ(
544 3401 580 3477 τῇ
612 3402 650 3476 γῇ
683 3397 779 3479 οἰκείᾳ
810 3395 896 3480 οὕεη,
950 3393 1488 3478 τῇγνώμῃέπέρχονται...πολλό

360 3499 498 3563 ὁπλιτῶν
521 3499 695 3576 παρόντων
717 3503 895 3578 ναυμαχεῖν.
951 3501 987 3562 δὲ
1011 3499 1060 3561 καὶ
1083 3499 1279 3576 ετρατόπεόα
1298 3497 1357 3576 ἢδη
1379 3497 1487 3562 ἔπεεεν

358 3601 398 3664 τὰ
417 3604 453 3664 δὲ
471 3603 576 3664 πολλὰ
590 3604 655 3664 τῶν
671 3603 831 3666 πλειόνων
847 3605 897 3666 καὶ
951 3599 1005 3664 ὑπ’
1022 3599 1204 3665 έλαεεόνων
1222 3607 1258 3684 τῇ
1279 3600 1412 3682 ἀπειρίᾳ,
1428 3598 1485 3662 ἔετι

359 3701 489 3782 ἄμεινον
524 3705 824 3782 παρεεκευαεμένυιν
859 3705 896 3767 τό
951 3707 987 3767 δὲ
1006 3703 1026 3766 ἃ
1046 3705 1094 3767 καί
1112 3709 1150 3786 τῇ
1170 3703 1307 3786 ἀτολμίᾳ.
1331 3702 1379 3768 ὧν
1398 3703 1486 3767 οὐδε-

359 3807 474 3885 κράτοε
498 3805 585 3871 ἐετίν.
950 3807 1045 3885 τέρου
1069 3809 1130 3868 νῦν
1154 3807 1240 3884 ἡμεῑε
1266 3807 1445 3885 μετέχομεν.

447 3908 576 3973 Ebenso
607 3912 689 3973 setzt
716 3909 890 3972 Phormion
921 3907 994 3973 dem
1025 3909 1204 3972 toktisohon
1229 3907 1400 3972 Vorhabon
1431 3905 1485 3969 dor

360 4009 641 4092 Lacedaemonior,
674 4031 732 4075 aus
765 4011 823 4074 der
854 4011 1061 4075 Soosohlooht
1084 4012 1157 4074 eino
1181 4010 1418 4075 Landsohlacht
1446 4026 1483 4072 zu

359 4114 503 4194 machon,
528 4114 584 4177 das
602 4117 779 4193 Ιναυμαχεῖν
802 4114 836 4176 in
861 4115 914 4178 ein
933 4117 1119 4192 πεζομαχεῖν
1139 4133 1179 4178 zu
1200 4113 1412 4194 verwandohn‚
1435 4110 1483 4173 dio

359 4217 472 4298 oigeno
499 4217 611 4280 Tohtih
643 4215 700 4281 der
722 4215 995 4280 Schiffsmanover
1025 4215 1082 4280 auf
1109 4215 1211 4281 hohor
1240 4216 1300 4281 Seo
1329 4223 1481 4298 ontgegon

360 4323 455 4382 unber
474 4319 575 4383 vollor
592 4321 809 4402 Ausniitzung
825 4319 881 4383 dos
898 4319 1048 4402 λίοτόυίίε,
1073 4319 1137 4384 den
1155 4319 1272 4384 leiohte
1292 4319 1414 4384 Sohihe
1432 4335 1481 4400 ge-
