2978 4814
295 347 338 411 60
722 350 838 408 Victor
857 351 1000 420 Goulou,

296 526 362 591 δέν
375 526 415 590 ἂν
432 523 522 604 ὶάβοι
538 527 617 590 ποτέ
633 523 791 608 Bergkius
808 524 928 608 duplex
944 523 984 589 ἂν
1000 521 1028 588 R
1043 524 1184 587 retinuit
1204 521 1297 601 Quod
1317 541 1428 606 quum-

295 648 391 713 ουτω
416 628 455 692 ab
480 633 546 692 erte
571 628 777 711 grammatica
799 647 864 691 nou
888 627 1038 691 abhorret
1062 632 1175 691 -est
1203 627 1290 691 enim
1305 623 1428 691 Ἀττικι-

297 733 383 815 εμύτ,
400 732 440 796 de
459 749 524 815 quo
543 732 578 794 in
597 730 678 795 libro
698 732 873 814 posteriore
892 731 932 794 ed
952 731 998 795 Pl.
1017 732 1104 794 1078
1123 730 1228 794 fusius
1247 733 1361 812 agetur
1377 767 1428 811 -‚

296 841 403 900 tumen
427 840 464 898 ut
485 836 613 898 numeri
636 835 753 898 melius
776 834 948 918 profluent,
971 835 1184 918 praeferende
1203 837 1252 898 est
1269 835 1430 923 scriptura

295 943 451 1017 πλευρῖτις
476 939 547 1001 sine
570 938 610 1002 ἂν
634 939 749 1002 esteris
773 938 951 1002 editoribus
976 937 1113 1021 probate„

388 1043 587 1107 Adverbium
606 1045 733 1121 νύκτωρ
752 1058 865 1106 versus
885 1043 948 1105 741
974 1041 1054 1120 ἀωρὶ
1078 1042 1203 1119 νύκτωρ
1224 1042 1275 1104 διὰ
1298 1041 1356 1105 τὸν
1376 1038 1429 1118 dp·

296 1152 389 1225 θριον
412 1147 515 1225 νόμον
541 1146 573 1210 Ο.
597 1145 768 1210 Kuehuius
791 1146 851 1227 (De
875 1145 965 1210 codd.
989 1146 1044 1227 qui
1068 1147 1124 1209 Ar.
1145 1143 1199 1208 Εο.
1216 1149 1248 1208 et
1271 1141 1321 1207 Ls.
1339 1142 1430 1206 exhi·

298 1248 384 1330 bent,
407 1269 436 1332 p.
456 1248 509 1330 10)
532 1249 615 1314 bene
638 1251 686 1313 sio
710 1249 870 1313 defendit:
895 1248 990 1313 “Non
1013 1248 1182 1333 perspicio,
1206 1266 1266 1311 our
1288 1244 1353 1310 duo
1377 1245 1431 1309 ad·

297 1352 409 1416 verbia
432 1352 547 1435 copula
570 1354 687 1416 omissa
709 1353 862 1435 coniungi
885 1356 1058 1434 nequeunt7
1082 1352 1109 1414 si
1134 1350 1266 1432 quidem
1285 1349 1430 1428 alterum,

298 1455 434 1537 νύκτωρ,
458 1453 497 1518 ad
514 1454 740 1538 explicandum
757 1457 847 1539 prius
867 1456 948 1535 ἀωρὶ
963 1454 1143 1539 adpositum
1163 1472 1233 1519 esse
1252 1454 1430 1517 statuimus.

298 1557 471 1622 Praeterea
486 1576 527 1622 ex
543 1558 624 1622 loeis
640 1577 659 1622 u
674 1558 846 1641 Bluydesio
866 1558 969 1622 allatis
988 1558 1095 1622 evadit
1113 1558 1192 1635 ἀωρὶ
1210 1559 1277 1621 τῶν
1296 1558 1431 1635 νυκτῶν,

299 1678 364 1724 non
389 1661 470 1739 ἀωρὶ
494 1667 619 1725 νυκτῶν
642 1662 813 1726 inveniri’'.
846 1662 892 1726 cf.
910 1663 1006 1726 etiam
1036 1661 1117 1725 duos
1139 1660 1227 1725 locos
1257 1658 1343 1743 apud
1367 1658 1432 1742 epi-

298 1763 528 1847 stuiogrephoS,
559 1783 640 1847 quos
671 1763 845 1829 dictionem
876 1764 1075 1829 comicorum
1105 1765 1262 1847 imprimis
1292 1763 1432 1824 imitatos

298 1885 371 1933 esse
394 1873 533 1950 ooustat
566 1867 722 1933 Aristaen.
746 1869 799 1933 lib.
815 1867 849 1932 Π
869 1888 916 1952 ep.
935 1870 975 1931 19
1000 1867 1124 1944 ἀκήκοα
1147 1869 1232 1931 νὲων
1255 1885 1431 1945 xmpocmov

300 1971 380 2050 ὑπὲρ
404 1973 483 2050 ἐμου
510 1975 701 2051 μαχομένων
725 1972 804 2050 ἀωρὶ
828 1974 953 2050 νύκτωρ
978 1976 1011 2034 et
998 1970 1187 2034 tPhulorid.
1207 1988 1255 2053 ep.
1275 1971 1336 2092 411
1358 1972 1432 2050 (see.

300 2071 516 2155 Hereherum)
539 2078 667 2153 νύκτωρ
692 2075 772 2154 ἀωρὶ
796 2075 1002 2139 παντάπατιν.
