2894 4824
320 329 384 406 120
744 348 860 403 Victor
880 347 1023 416 Goulon,

336 554 392 592 VSS.
572 521 606 585 M

320 644 407 706 1370
431 643 690 721 μετεγραφήεεται

321 747 407 809 1405
432 748 528 825 ἕδραν

341 1098 405 1161 289
431 1097 458 1161 ώ

342 1201 407 1264 290
432 1203 488 1279 μὲν

342 1305 407 1366 290
432 1306 468 1367 δὲ

342 1407 406 1469 303
431 1408 510 1482 λέγει
534 1425 608 1470 cum
632 1401 680 1468 81

342 1510 407 1572 356
430 1509 479 1574 ἴδε

341 1613 407 1675 474
431 1615 626 1691 πλευμόνων

342 1717 406 1779 536
430 1717 529 1780 αὐτὸν

792 964 980 1026 kanutum:

1132 519 1229 584 s-A

949 641 1232 720 μετεγγραφήεεται
1256 663 1331 708 oum
1354 645 1414 709 RV

1016 744 1113 822 ἕδραν
1138 748 1165 808 θ’
1192 765 1268 808 cum
1290 746 1352 810 RV

1050 1098 1132 1170 γοῦν
1156 1116 1232 1160 cum
1254 1096 1314 1161 RV

1035 1199 1091 1276 μὲν
1114 1219 1151 1273 γε
1174 1219 1250 1262 eum
1272 1199 1333 1264 RV

1074 1300 1103 1363 δ’
1127 1321 1202 1365 eum
1224 1302 1299 1388 RV,

1041 1404 1141 1478 λέγειν
1165 1426 1241 1469 cum
1264 1406 1324 1471 RV

1141 1504 1223 1574 εἶδεν

1083 1614 1277 1690 πνευμόνων

1133 1715 1230 1779 αὑτὸν

342 1820 407 1882 554
431 1815 856 1898 ώνημιωβολιμαῑαυααι8ΒΕ
970 1817 1214 1896 ἀνημιωβολιαῑα
1238 1838 1312 1883 cum
1335 1819 1393 1884 RV

342 1923 404 1984 711
431 1923 644 2001 ψευδολίτρου

341 2025 407 2087 804
431 2025 492 2089 οὖν

341 2128 406 2190 833
431 2127 510 2209 ὅπερ

341 2231 404 2294 901
430 2233 529 2298 λέξειν

342 2335 406 2396 056
431 2335 567 2414 ἐμβολάε

342 2438 404 2499 901
430 2440 567 2517 κάθηντο

321 2540 407 2603 1068
431 2544 534 2605 ταῡθα
557 2540 592 2604 Μ
615 2560 695 2605 corr.

320 2644 407 2707 1084
430 2646 633 2723 ἀνεετομώθη

320 2747 406 2809 1466
430 2768 466 2822 γε
488 2751 573 2825 πλῆν
598 2747 617 2811 ὁ

320 2850 404 2912 1505
429 2853 564 2914 τουτοιεί

363 3203 405 3264 33
431 3201 458 3264 ώ
483 3201 566 3279 μέλε’

342 3305 404 3367 127
429 3308 494 3369 τοῖε

342 3408 405 3471 133
431 3407 501 3487 βάλ’

340 3511 404 3573 267
431 3515 620 3591 καταβραχώ

340 3615 406 3677 436
430 3616 634 3692 προεπὸλοιει

341 3718 406 3780 512
429 3720 553 3793 γένοιτο
576 3718 756 3802 τάνθρώπῳ

280 3882 288 3891 ,
342 3821 405 3882 655
431 3821 551 3900 ἀχρῆοε
573 3821 608 3885 M
633 3840 712 3886 corr.

341 3925 405 3986 878
429 3927 596 3988 τυννουτοὶ

319 4028 405 4091 1228
430 4027 553 4091 πώποτ’

320 4129 406 4191 1254
431 4131 528 4194 καίτοι
551 4131 578 4193 τ’

320 4232 405 4297 1356
430 4232 562 4312 ἑπαῑχθη

805 3074 963 3137 Nubium:

1073 1923 1287 2002 ψευδονίτρου

1141 2027 1224 2098 γοῦν

1140 2126 1220 2205 ἅπερ

1142 2232 1223 2297 λέξαι

949 2333 1089 2413 εἰεβολὰε
1112 2332 1169 2415 (ἐε-
1192 2333 1234 2415 Α)
1258 2353 1334 2398 cum
1357 2333 1415 2398 RV

1107 2437 1257 2514 κάθηνται

1040 2543 1141 2603 ταῦτα
1165 2559 1241 2602 eum
1263 2540 1324 2604 RV

992 2645 1190 2722 ἀνεμεστώθη
1215 2664 1290 2708 cum
1313 2645 1373 2710 RV

990 2748 1071 2824 πλήν
1099 2747 1128 2822 γ’
1154 2746 1172 2809 ὁ
1197 2747 1237 2829 (γ’
1254 2768 1314 2812 om.
1331 2750 1374 2831 A)

1039 2853 1136 2915 τοῦτο
1160 2853 1256 2931 (τουτὶ
1279 2853 1322 2932 Α)

1034 3203 1060 3265 ώ
1085 3201 1150 3280 μέλ’
1175 3220 1249 3264 cum
1272 3200 1330 3265 RV

1042 3309 1138 3370 τοῑειν
1162 3323 1236 3367 cum
1259 3303 1319 3368 RV

1139 3407 1225 3486 βάλλ’

1083 3515 1289 3590 καταβρεχθῶ

998 3614 1186 3693 προπόλοιει
1209 3633 1284 3678 cum
1307 3615 1368 3680 RV

1031 3717 1144 3789 γένοιτ’
1168 3717 1332 3801 ἀνθρώπῳ

1024 3818 1151 3898 ἀγρεῑοε
1177 3838 1251 3884 cum
1275 3820 1335 3885 RV

999 3925 1184 3987 τυννουτονὶ
1207 3944 1282 3987 cum
1305 3925 1365 3989 RV

1023 4048 1074 4089 πώ
1097 4026 1163 4089 τότ’
1187 4046 1263 4091 oum
1285 4026 1346 4091 RV

1011 4132 1060 4193 καὶ
1083 4129 1171 4193 τοῦτ’
1195 4150 1271 4194 cum
1293 4130 1354 4195 RV

1027 4232 1141 4312 ἐπέχθη
1166 4253 1242 4297 cum
1264 4233 1324 4296 RV
